2024 3450
117 107 254 170 ἰοί-ΠΒ]
449 106 635 156 ΠΟΛΤΜΝῙΔ.
867 108 913 153 1ί3

114 187 142 244 δὲ
160 185 237 265 χώρη
251 183 320 260 αὕτη
336 184 426 244 πάλαι
443 189 495 261 μὲν
515 188 645 246 ἐκαλέετο
663 185 811 263 Γαλλαϊκή
824 188 872 247 νῦν
886 186 916 246 δὲ

114 272 272 349 Βριαντική·
290 275 350 332 ἔστι
363 274 458 350 μέντοι
471 276 510 350 τῷ
523 273 687 353 δικαιοτάτῳ
695 277 750 335 τῶν
763 275 856 356 λόγων
869 274 915 334 καὶ

113 360 182 436 αὕτη
204 359 338 420 Κικόνων.
382 358 494 435 Διαβάς
512 360 541 418 δὲ
562 365 612 419 τοῦ
632 361 747 419 Λίσσου
766 367 894 439 ποταμοῦ
905 365 961 422 109

112 449 144 508 τύ
162 449 275 526 ῥέεθρον
289 447 530 524 α’ποξηρασμένον,
543 447 627 510 πόλις
643 447 809 523 Ἑλληνιδας
828 449 915 509 τάσδε

112 537 314 614 παραμείβετο·
333 535 506 611 Μαρώνειαν,
518 536 644 606 Δίκαιαν,
654 532 796 612 Ἄβδηρα·
812 536 914 600 ταύτας

113 651 142 681 τε
161 624 195 698 δή
208 622 348 699 παρεξήϊε,
364 623 409 680 καὶ
426 622 496 680 κατά
509 621 611 684 ταύτας
625 622 662 693 δὲ,
678 621 779 696 λίμνας
792 621 912 698 ὀνομασ-

113 710 163 772 τοίς
188 710 283 769 τάσδε·
316 708 479 785 Μαρωνείης
505 712 556 785 μὲν
582 707 687 786 μεταξύ
714 708 760 766 καὶ
787 706 915 786 Στρύμης

113 796 239 871 κειμένην
254 796 412 872 Ἰσμαρίδα·
434 795 504 855 κατά
523 797 552 855 δὲ
570 796 696 865 Δίκαιαν,
713 796 872 865 Βιστονίδα,
887 801 915 860 ἔς

51 882 53 886 ’
112 882 164 957 τήν
186 884 308 960 ποταμοὶ
331 882 379 943 δύο
404 887 507 944 ἐσιεῖσι
529 885 562 944 τδ
584 883 663 960 ὕδωρ,
686 883 793 960 Τραῦός
815 909 847 943 τε
868 885 914 945 καὶ

113 969 277 1049 Κόμψατος·
299 971 370 1031 κατὰ
388 971 418 1031 δὲ
433 970 576 1049 Ἄβδηρα,
594 972 697 1049 λίμνην
714 974 766 1048 μὲν
784 970 914 1048 ου’δεμίαν

113 1062 214 1118 ἐοῦσαν
235 1058 413 1136 ούνομαστήν
433 1061 631 1138 παραμείψατο
652 1060 764 1138 Ξέρξης,
785 1059 914 1138 ποταμδν

111 1146 139 1203 δὲ
164 1149 276 1207 Νέστον
297 1149 396 1225 ῥέοντα
416 1153 444 1212 ἐς
467 1148 629 1209 θάλασσαν.
669 1148 741 1226 μετά
762 1148 791 1208 δὲ
811 1149 914 1214 ταύτας

110 1233 159 1298 τάς
178 1235 271 1314 χώρας
292 1235 340 1296 ἰών
355 1236 405 1299 τοὶς
424 1235 605 1314 ἠπειρώτιδας
617 1237 708 1310 Ιπόλις
727 1235 837 1312 παρήῖε·
857 1242 913 1297 τῶν

111 1327 139 1381 ἐν
148 1328 200 1402 μιῇ
210 1325 296 1400 λίμνη
310 1327 397 1383 εὀῦσα
409 1323 541 1404 τυγχάνει
554 1322 621 1382 ώσεὶ
632 1322 781 1401 τριήκοντα
792 1323 912 1384 σταδίων

68 1475 75 1485 ι
109 1410 238 1484 μάλιστά
260 1436 294 1485 κη
314 1411 366 1485 τήν
387 1411 527 1485 περίοδον,
547 1409 681 1489 ἰχθυώδης
700 1435 731 1468 τε
754 1409 800 1467 καὶ
824 1409 913 1486 κάρτα

110 1496 232 1571 ἁλμυρή·
252 1496 356 1571 ταύτην
371 1496 406 1556 τά
424 1496 560 1576 ύποζύγια
576 1500 666 1572 μοῦνα
681 1494 820 1572 α’ρδύμενα
835 1495 911 1567 ἀνεξ-

110 1582 203 1657 ήρηνε·
231 1585 267 1659 τῇ
292 1582 321 1641 δὲ
344 1581 413 1641 πόλι
436 1582 522 1660 ταύτῃ
545 1581 649 1658 οὔνομά
673 1587 734 1642 ε’στι
759 1584 911 1661 Πίστυρος·

109 1667 210 1729 ταύτας
223 1670 274 1742 μὲν
288 1667 322 1742 δή
335 1667 385 1728 τάς
397 1667 488 1737 πόλις,
502 1668 553 1731 τάς
569 1669 806 1745 παραθαλασσίας
820 1697 851 1729 τε
865 1672 911 1731 καί

109 1753 285 1830 Ἑλληνίδας,
302 1755 333 1823 ἐξ
353 1753 490 1830 εὐωνύμου
511 1756 604 1834 χειρὸς
623 1755 751 1837 α’πέργων
770 1758 911 1835 παρεξήῖε.

106 1836 209 1902 Ἕθνεα
223 1843 252 1901 δὲ
266 1842 399 1917 Θρηίκων,
413 1842 447 1902 δι’
461 1840 498 1903 ὧν
511 1847 561 1920 τῆς
576 1844 668 1923 χώρης
681 1845 745 1905 ὁδδν
759 1847 889 1917 ε’ποιέετο,
901 1848 959 1907 110

107 1930 222 2014 τοσάδε·
244 1934 354 2000 Παῖτοι,
378 1930 502 2002 Κίκονες,
524 1933 665 2007 Βίστονες,
689 1935 818 2008 Σαπαῖοι,
841 1941 910 2013 Δερ·

110 2022 195 2089 σαῖοι,
208 2017 334 2091 Ἠδωνοὶ,
350 2016 466 2095 Σάτραι·
486 2019 590 2080 τούτων
603 2024 630 2080 οἱ
645 2023 697 2098 μὲν
709 2022 787 2098 παραὶ
802 2020 909 2083 θάλασ-

109 2131 165 2165 σαν
178 2107 372 2183 κατοικημένοι
385 2112 414 2167 έν
423 2110 492 2187 τῇσι
504 2109 587 2184 νηυσὶ
600 2109 721 2170 εἵποντο·
738 2112 765 2169 οἱ
779 2109 808 2167 δὲ
822 2108 911 2169 αὐτῶν

108 2193 159 2268 τήν
172 2194 329 2276 μεσόγαιαν
343 2195 485 2266 οἰκέοντες,
500 2196 718 2276 καταλεχθέντες
730 2222 761 2256 τε
774 2195 820 2255 ὑπ’
835 2200 909 2274 ε’μεῦ,

108 2281 186 2357 πλήν
202 2284 329 2361 Σατρέων
343 2286 370 2342 οί
387 2281 474 2343 άλλοι
490 2284 591 2348 πάντες
607 2286 678 2364 πεζῇ
691 2283 910 2364 ἀναγκαζόμενοι

109 2369 242 2430 εἴπαντα
263 2370 370 2448 Σάτραι
383 2371 413 2430 δὲ
430 2370 539 2434 ούδενύς
552 2398 590 2430 κω
604 2371 756 2449 ἀνθρώπων
770 2372 890 2448 ύπήκοοι
900 2374 954 2432 lll

109 2457 244 2538 ἐγένοντο,
254 2458 324 2518 ὅσον
333 2457 413 2536 ἡμεῖς
423 2458 509 2536 ἴδμεν·
524 2459 601 2519 άλλά
611 2459 769 2519 διατελεῦσι
779 2458 812 2520 τδ
826 2460 910 2538 μέχρι

110 2547 175 2618 ε’μεῦ
193 2544 245 2602 αἰεὶ
261 2544 351 2625 ε’όντες
365 2545 505 2623 ἐλεύθεροι
521 2551 618 2623 μοῦνοι
632 2548 766 2624 Θρηίκων·
787 2547 912 2607 οἰκέουσί

108 2655 140 2689 τε
158 2630 214 2710 γάρ
235 2630 318 2708 ούρεα
337 2632 435 2711 ύψηλά
456 2634 535 2713 ἴδῃσί
552 2660 583 2694 τε
600 2636 751 2715 παντοίῃσι
771 2635 817 2694 καὶ
836 2633 910 2715 χιόνι

108 2720 277 2795 συνηρεφέα,
292 2722 338 2780 καὶ
352 2721 407 2780 εἶσὶ
420 2719 455 2781 τά
468 2721 592 2798 πολέμια
605 2720 694 2799 ἅκροι.
729 2719 806 2783 οὗτοι
821 2723 847 2782 οἳ
859 2726 909 2782 τοῦ

109 2801 250 2862 Διονύσου
263 2799 295 2861 τὸ
308 2801 443 2877 μαντήῖόν
454 2807 509 2862 εἶσι
520 2804 672 2884 ἐκτημένοι·
688 2802 721 2863 vd
732 2803 762 2862 δὲ
774 2801 909 2879 μαντήϊον

107 2894 190 2950 τοῦτο
215 2892 275 2950 ἔστι
297 2893 349 2967 μὲν
373 2891 418 2950 ἐπὶ
439 2895 493 2950 τῶν
518 2891 618 2966 οὐρέων
638 2895 693 2951 τῶν
714 2889 908 2968 ὑψηλοτάτων·

109 2979 222 3052 Βησσοὶ
239 2979 269 3037 δὲ
288 2983 343 3038 τῶν
362 2979 489 3057 Σατρέων
506 2979 563 3037 εἰσὶ
581 2981 610 3037 οἱ
626 2977 928 3064 προῴητείιουτεςτῇ

108 3066 173 3136 ἷΡθῧι
185 3065 341 3144 πρόμαντις
355 3067 385 3128 δὲ
400 3067 419 3146 ἡ
434 3068 580 3150 χρίουσα,
594 3063 728 3135 κατάπερ
740 3065 772 3115 ἐν
789 3055 963 3116 ΒΜΜἉ

96 3151 143 3206 καὶ
157 3151 240 3214 ου’δέν
253 3158 482 3239 ποικιλώτερον.

129 3242 416 3327 Παμαμειψάμενος
443 3248 483 3310 δὲ
514 3245 531 3308 ὅ
562 3237 692 3320 '2ka

995 3187 1008 3207 χ

716 3225 777 3300 ,ἢν
813 3199 1001 3283 ἐρατᾶς·
