<?xml version="1.0" encoding="UTF-8"?>
<!DOCTYPE html PUBLIC "-//W3C//DTD XHTML 1.0 Transitional//EN"
    "http://www.w3.org/TR/xhtml1/DTD/xhtml1-transitional.dtd">
<html xmlns="http://www.w3.org/1999/xhtml" xml:lang="en" lang="en">
 <head>
  <title>
</title>
<meta http-equiv="Content-Type" content="text/html;charset=utf-8" />
  <meta name='ocr-system' content='tesseract 3.04.00' />
  <meta name='ocr-capabilities' content='ocr_page ocr_carea ocr_par ocr_line ocrx_word'/>
</head>
<body>
  <div class='ocr_page' id='page_1' title='image "./recensuitjoseph01herogoog_0076.png"; bbox 0 0 2024 3450; ppageno 0'>
   <div class='ocr_carea' id='block_1_1' title="bbox 92 108 891 526">
    <p class='ocr_par' dir='ltr' id='par_1_1' title="bbox 92 108 891 526">
     <span class='ocr_line' id='line_1_1' title="bbox 92 108 890 173; baseline -0.011 -13"><span class='ocrx_word' id='word_1_1' title='bbox 92 109 200 173; x_wconf 76' lang='grc' dir='ltr'>ιιι-οι]</span> <span class='ocrx_word' id='word_1_2' title='bbox 440 108 551 154; x_wconf 73' lang='grc' dir='ltr'>Ενιυα.</span> <span class='ocrx_word' id='word_1_3' title='bbox 861 108 890 152; x_wconf 82' lang='grc' dir='ltr'>οι</span> 
     </span>
     <span class='ocr_line' id='line_1_2' title="bbox 93 181 891 265; baseline -0.009 -17"><span class='ocrx_word' id='word_1_4' title='bbox 93 190 123 248; x_wconf 88' lang='grc' dir='ltr'>δὲ</span> <span class='ocrx_word' id='word_1_5' title='bbox 140 185 317 264; x_wconf 73' lang='grc' dir='ltr'>παρενθήκην</span> <span class='ocrx_word' id='word_1_6' title='bbox 336 187 439 265; x_wconf 80' lang='grc' dir='ltr'>ἔχρησε</span> <span class='ocrx_word' id='word_1_7' title='bbox 460 190 487 246; x_wconf 80' lang='grc' dir='ltr'>ἐς</span> <span class='ocrx_word' id='word_1_8' title='bbox 505 183 673 259; x_wconf 80' lang='grc' dir='ltr'>Μιλησίους.</span> <span class='ocrx_word' id='word_1_9' title='bbox 714 181 748 242; x_wconf 77' lang='grc' dir='ltr'>τό</span> <span class='ocrx_word' id='word_1_10' title='bbox 769 183 822 258; x_wconf 85' lang='grc' dir='ltr'>μέν</span> <span class='ocrx_word' id='word_1_11' title='bbox 842 207 891 242; x_wconf 93' lang='grc' dir='ltr'>νυν</span> 
     </span>
     <span class='ocr_line' id='line_1_3' title="bbox 94 270 891 354; baseline -0.009 -20"><span class='ocrx_word' id='word_1_12' title='bbox 94 279 126 338; x_wconf 86' lang='grc' dir='ltr'>ε’ς,</span> <span class='ocrx_word' id='word_1_13' title='bbox 141 273 206 336; x_wconf 77' lang='grc' dir='ltr'>τοδς</span> <span class='ocrx_word' id='word_1_14' title='bbox 220 273 364 354; x_wconf 77' lang='grc' dir='ltr'>Ἀργείους</span> <span class='ocrx_word' id='word_1_15' title='bbox 383 273 455 351; x_wconf 81' lang='grc' dir='ltr'>ἔχον,</span> <span class='ocrx_word' id='word_1_16' title='bbox 473 270 556 330; x_wconf 75' lang='grc' dir='ltr'>ἐπεὰν</span> <span class='ocrx_word' id='word_1_17' title='bbox 577 270 647 329; x_wconf 78' lang='grc' dir='ltr'>κατᾶ</span> <span class='ocrx_word' id='word_1_18' title='bbox 666 272 750 329; x_wconf 75' lang='grc' dir='ltr'>τοῦτο</span> <span class='ocrx_word' id='word_1_19' title='bbox 770 271 891 350; x_wconf 80' lang='grc' dir='ltr'>γένωμαι</span> 
     </span>
     <span class='ocr_line' id='line_1_4' title="bbox 95 357 890 442; baseline -0.008 -21"><span class='ocrx_word' id='word_1_20' title='bbox 95 366 144 423; x_wconf 80' lang='grc' dir='ltr'>τοῦ</span> <span class='ocrx_word' id='word_1_21' title='bbox 160 360 249 442; x_wconf 83' lang='grc' dir='ltr'>λόγου</span> <span class='ocrx_word' id='word_1_22' title='bbox 261 361 324 420; x_wconf 84' lang='grc' dir='ltr'>τότε</span> <span class='ocrx_word' id='word_1_23' title='bbox 337 359 550 438; x_wconf 82' lang='grc' dir='ltr'>μνησθήσομαι·</span> <span class='ocrx_word' id='word_1_24' title='bbox 571 357 606 417; x_wconf 83' lang='grc' dir='ltr'>τοὶ</span> <span class='ocrx_word' id='word_1_25' title='bbox 626 358 656 417; x_wconf 83' lang='grc' dir='ltr'>δέ</span> <span class='ocrx_word' id='word_1_26' title='bbox 675 361 752 418; x_wconf 83' lang='grc' dir='ltr'>τοῖσι</span> <span class='ocrx_word' id='word_1_27' title='bbox 765 358 890 432; x_wconf 89' lang='grc' dir='ltr'>Μιλησί-</span> 
     </span>
     <span class='ocr_line' id='line_1_5' title="bbox 93 444 648 526; baseline -0.009 -17"><span class='ocrx_word' id='word_1_28' title='bbox 93 475 152 509; x_wconf 85' lang='grc' dir='ltr'>οισι</span> <span class='ocrx_word' id='word_1_29' title='bbox 173 447 205 508; x_wconf 76' lang='grc' dir='ltr'>οιί</span> <span class='ocrx_word' id='word_1_30' title='bbox 225 453 362 526; x_wconf 84' lang='grc' dir='ltr'>παρεοῦσι</span> <span class='ocrx_word' id='word_1_31' title='bbox 384 448 487 526; x_wconf 80' lang='grc' dir='ltr'>ἔχρησε</span> <span class='ocrx_word' id='word_1_32' title='bbox 509 447 566 524; x_wconf 82' lang='grc' dir='ltr'>ἔχει</span> <span class='ocrx_word' id='word_1_33' title='bbox 587 444 648 504; x_wconf 82' lang='grc' dir='ltr'>ὧδε·</span> 
     </span>
    </p>
   </div>
   <div class='ocr_carea' id='block_1_2' title="bbox 97 604 827 880">
    <p class='ocr_par' dir='ltr' id='par_1_2' title="bbox 206 604 820 664">
     <span class='ocr_line' id='line_1_6' title="bbox 206 604 820 664; baseline -0.008 -9"><span class='ocrx_word' id='word_1_34' title='bbox 206 607 256 656; x_wconf 75' lang='grc' dir='ltr'>Καὶ</span> <span class='ocrx_word' id='word_1_35' title='bbox 267 607 324 654; x_wconf 81' lang='grc' dir='ltr'>τότε</span> <span class='ocrx_word' id='word_1_36' title='bbox 335 607 371 664; x_wconf 80' lang='grc' dir='ltr'>δή,</span> <span class='ocrx_word' id='word_1_37' title='bbox 386 606 489 663; x_wconf 79' lang='grc' dir='ltr'>Μίλητε,</span> <span class='ocrx_word' id='word_1_38' title='bbox 503 607 580 652; x_wconf 73' lang='grc' dir='ltr'>κακῶν</span> <span class='ocrx_word' id='word_1_39' title='bbox 592 604 726 664; x_wconf 74' lang='grc' dir='ltr'>ἐπιμήχανε</span> <span class='ocrx_word' id='word_1_40' title='bbox 737 604 820 663; x_wconf 80' lang='grc' dir='ltr'>ἔργων,</span> 
     </span>
    </p>

    <p class='ocr_par' dir='ltr' id='par_1_3' title="bbox 207 676 803 736">
     <span class='ocr_line' id='line_1_7' title="bbox 207 676 803 736; baseline -0.01 -9"><span class='ocrx_word' id='word_1_41' title='bbox 207 680 321 727; x_wconf 84' lang='grc' dir='ltr'>πολλοῖσι</span> <span class='ocrx_word' id='word_1_42' title='bbox 332 678 425 725; x_wconf 83' lang='grc' dir='ltr'>δεῖπνόν</span> <span class='ocrx_word' id='word_1_43' title='bbox 437 694 464 723; x_wconf 91' lang='grc' dir='ltr'>τε</span> <span class='ocrx_word' id='word_1_44' title='bbox 476 679 515 724; x_wconf 80' lang='grc' dir='ltr'>καί</span> <span class='ocrx_word' id='word_1_45' title='bbox 527 678 610 736; x_wconf 79' lang='grc' dir='ltr'>ἀγλαὰ</span> <span class='ocrx_word' id='word_1_46' title='bbox 622 677 685 736; x_wconf 74' lang='grc' dir='ltr'>δῶρα</span> <span class='ocrx_word' id='word_1_47' title='bbox 696 676 803 734; x_wconf 76' lang='grc' dir='ltr'>γενήσει·</span> 
     </span>
    </p>

    <p class='ocr_par' dir='ltr' id='par_1_4' title="bbox 97 747 827 880">
     <span class='ocr_line' id='line_1_8' title="bbox 206 747 827 808; baseline -0.008 -11"><span class='ocrx_word' id='word_1_48' title='bbox 206 751 249 798; x_wconf 81' lang='grc' dir='ltr'>σαί</span> <span class='ocrx_word' id='word_1_49' title='bbox 260 749 281 796; x_wconf 83' lang='grc' dir='ltr'>δ’</span> <span class='ocrx_word' id='word_1_50' title='bbox 292 748 378 808; x_wconf 85' lang='grc' dir='ltr'>ιίλοχοι</span> <span class='ocrx_word' id='word_1_51' title='bbox 390 749 503 796; x_wconf 82' lang='grc' dir='ltr'>πολλοῖσι</span> <span class='ocrx_word' id='word_1_52' title='bbox 514 749 588 796; x_wconf 80' lang='grc' dir='ltr'>πόδας</span> <span class='ocrx_word' id='word_1_53' title='bbox 599 748 693 808; x_wconf 80' lang='grc' dir='ltr'>νίψουσι</span> <span class='ocrx_word' id='word_1_54' title='bbox 705 747 827 804; x_wconf 63' lang='grc' dir='ltr'>κομήταις</span> 
     </span>
     <span class='ocr_line' id='line_1_9' title="bbox 97 819 765 880; baseline -0.004 -13"><span class='ocrx_word' id='word_1_55' title='bbox 97 870 103 880; x_wconf 64' lang='grc'><strong>,</strong></span> <span class='ocrx_word' id='word_1_56' title='bbox 208 821 264 878; x_wconf 79' lang='grc' dir='ltr'>νηοῦ</span> <span class='ocrx_word' id='word_1_57' title='bbox 274 819 296 868; x_wconf 83' lang='grc' dir='ltr'>δ’</span> <span class='ocrx_word' id='word_1_58' title='bbox 305 820 419 880; x_wconf 76' lang='grc' dir='ltr'>ἡμετέρου</span> <span class='ocrx_word' id='word_1_59' title='bbox 430 821 538 878; x_wconf 79' lang='grc' dir='ltr'>Διδύμοις</span> <span class='ocrx_word' id='word_1_60' title='bbox 549 819 646 867; x_wconf 85' lang='grc' dir='ltr'>ιίλλοισι</span> <span class='ocrx_word' id='word_1_61' title='bbox 657 819 765 877; x_wconf 84' lang='grc' dir='ltr'>μελήσει.</span> 
     </span>
    </p>
   </div>
   <div class='ocr_carea' id='block_1_3' title="bbox 34 954 975 3304">
    <p class='ocr_par' dir='ltr' id='par_1_5' title="bbox 93 954 938 1990">
     <span class='ocr_line' id='line_1_10' title="bbox 93 954 890 1034; baseline -0.004 -16"><span class='ocrx_word' id='word_1_62' title='bbox 93 957 159 1018; x_wconf 86' lang='grc' dir='ltr'>τότε</span> <span class='ocrx_word' id='word_1_63' title='bbox 182 958 216 1033; x_wconf 83' lang='grc' dir='ltr'>δή</span> <span class='ocrx_word' id='word_1_64' title='bbox 239 962 325 1018; x_wconf 83' lang='grc' dir='ltr'>ταῦτα</span> <span class='ocrx_word' id='word_1_65' title='bbox 345 958 410 1020; x_wconf 75' lang='grc' dir='ltr'>τούς</span> <span class='ocrx_word' id='word_1_66' title='bbox 431 960 592 1034; x_wconf 84' lang='grc' dir='ltr'>Μιλησίους</span> <span class='ocrx_word' id='word_1_67' title='bbox 617 954 821 1034; x_wconf 75' lang='grc' dir='ltr'>κατελάμβανε,</span> <span class='ocrx_word' id='word_1_68' title='bbox 844 956 890 1016; x_wconf 85' lang='grc' dir='ltr'>ὅτε</span> 
     </span>
     <span class='ocr_line' id='line_1_11' title="bbox 93 1044 890 1124; baseline -0.003 -21"><span class='ocrx_word' id='word_1_69' title='bbox 93 1070 127 1124; x_wconf 89' lang='grc' dir='ltr'>γε</span> <span class='ocrx_word' id='word_1_70' title='bbox 145 1044 240 1122; x_wconf 79' lang='grc' dir='ltr'>ἅνδρες</span> <span class='ocrx_word' id='word_1_71' title='bbox 255 1049 308 1122; x_wconf 77' lang='grc' dir='ltr'>μὲν</span> <span class='ocrx_word' id='word_1_72' title='bbox 328 1049 355 1104; x_wconf 81' lang='grc' dir='ltr'>οἱ</span> <span class='ocrx_word' id='word_1_73' title='bbox 375 1050 491 1109; x_wconf 86' lang='grc' dir='ltr'>πλεῦνες</span> <span class='ocrx_word' id='word_1_74' title='bbox 507 1047 658 1104; x_wconf 82' lang='grc' dir='ltr'>ἐκτείνοντο</span> <span class='ocrx_word' id='word_1_75' title='bbox 676 1044 730 1104; x_wconf 78' lang='grc' dir='ltr'>όπὸ</span> <span class='ocrx_word' id='word_1_76' title='bbox 750 1049 804 1104; x_wconf 81' lang='grc' dir='ltr'>τῶν</span> <span class='ocrx_word' id='word_1_77' title='bbox 818 1050 890 1120; x_wconf 88' lang='grc' dir='ltr'>Περ-</span> 
     </span>
     <span class='ocr_line' id='line_1_12' title="bbox 93 1131 891 1213; baseline 0 -23"><span class='ocrx_word' id='word_1_78' title='bbox 93 1133 166 1192; x_wconf 89' lang='grc' dir='ltr'>σέων</span> <span class='ocrx_word' id='word_1_79' title='bbox 179 1131 278 1192; x_wconf 88' lang='grc' dir='ltr'>ἐόντων</span> <span class='ocrx_word' id='word_1_80' title='bbox 291 1135 440 1210; x_wconf 80' lang='grc' dir='ltr'>κομητέων,</span> <span class='ocrx_word' id='word_1_81' title='bbox 453 1137 579 1213; x_wconf 84' lang='grc' dir='ltr'>γυναῖκες</span> <span class='ocrx_word' id='word_1_82' title='bbox 595 1132 624 1190; x_wconf 80' lang='grc' dir='ltr'>δὲ</span> <span class='ocrx_word' id='word_1_83' title='bbox 642 1134 687 1190; x_wconf 84' lang='grc' dir='ltr'>καὶ</span> <span class='ocrx_word' id='word_1_84' title='bbox 703 1133 785 1191; x_wconf 87' lang='grc' dir='ltr'>τέκνα</span> <span class='ocrx_word' id='word_1_85' title='bbox 801 1136 829 1190; x_wconf 83' lang='grc' dir='ltr'>ἐν</span> <span class='ocrx_word' id='word_1_86' title='bbox 845 1131 891 1190; x_wconf 86' lang='grc' dir='ltr'>α’ν-</span> 
     </span>
     <span class='ocr_line' id='line_1_13' title="bbox 93 1217 890 1301; baseline -0.003 -25"><span class='ocrx_word' id='word_1_87' title='bbox 93 1219 237 1295; x_wconf 86' lang='grc' dir='ltr'>δραπόδων</span> <span class='ocrx_word' id='word_1_88' title='bbox 255 1221 331 1301; x_wconf 80' lang='grc' dir='ltr'>λόγῳ</span> <span class='ocrx_word' id='word_1_89' title='bbox 352 1221 484 1299; x_wconf 82' lang='grc' dir='ltr'>ἐγίνοντο·</span> <span class='ocrx_word' id='word_1_90' title='bbox 507 1219 566 1295; x_wconf 81' lang='grc' dir='ltr'>ίρδν</span> <span class='ocrx_word' id='word_1_91' title='bbox 586 1219 616 1277; x_wconf 78' lang='grc' dir='ltr'>δὲ</span> <span class='ocrx_word' id='word_1_92' title='bbox 636 1219 669 1277; x_wconf 78' lang='grc' dir='ltr'>τό</span> <span class='ocrx_word' id='word_1_93' title='bbox 686 1224 714 1277; x_wconf 84' lang='grc' dir='ltr'>ἐν</span> <span class='ocrx_word' id='word_1_94' title='bbox 731 1217 890 1291; x_wconf 83' lang='grc' dir='ltr'>Διδύμοισι,</span> 
     </span>
     <span class='ocr_line' id='line_1_14' title="bbox 93 1304 890 1384; baseline -0.008 -20"><span class='ocrx_word' id='word_1_95' title='bbox 93 1305 110 1364; x_wconf 85' lang='grc' dir='ltr'>ὁ</span> <span class='ocrx_word' id='word_1_96' title='bbox 133 1308 196 1382; x_wconf 81' lang='grc' dir='ltr'>νηός</span> <span class='ocrx_word' id='word_1_97' title='bbox 219 1334 250 1366; x_wconf 92' lang='grc' dir='ltr'>τε</span> <span class='ocrx_word' id='word_1_98' title='bbox 275 1309 320 1365; x_wconf 86' lang='grc' dir='ltr'>καὶ</span> <span class='ocrx_word' id='word_1_99' title='bbox 342 1305 376 1365; x_wconf 79' lang='grc' dir='ltr'>τό</span> <span class='ocrx_word' id='word_1_100' title='bbox 399 1307 578 1384; x_wconf 85' lang='grc' dir='ltr'>χρηστήριον,</span> <span class='ocrx_word' id='word_1_101' title='bbox 601 1306 760 1379; x_wconf 85' lang='grc' dir='ltr'>συληθέντα</span> <span class='ocrx_word' id='word_1_102' title='bbox 784 1304 890 1377; x_wconf 86' lang='grc' dir='ltr'>ἐνεπίμ-</span> 
     </span>
     <span class='ocr_line' id='line_1_15' title="bbox 93 1389 892 1471; baseline -0.006 -21"><span class='ocrx_word' id='word_1_103' title='bbox 93 1419 193 1470; x_wconf 88' lang='grc' dir='ltr'>πρατο.</span> <span class='ocrx_word' id='word_1_104' title='bbox 232 1399 288 1471; x_wconf 74' lang='grc' dir='ltr'>τῷν</span> <span class='ocrx_word' id='word_1_105' title='bbox 301 1394 324 1452; x_wconf 79' lang='grc' dir='ltr'>δ’</span> <span class='ocrx_word' id='word_1_106' title='bbox 339 1399 368 1451; x_wconf 84' lang='grc' dir='ltr'>ἐν</span> <span class='ocrx_word' id='word_1_107' title='bbox 380 1397 418 1469; x_wconf 75' lang='grc' dir='ltr'>τῷ</span> <span class='ocrx_word' id='word_1_108' title='bbox 432 1397 480 1469; x_wconf 64' lang='lat' dir='ltr'>{po}</span> <span class='ocrx_word' id='word_1_109' title='bbox 492 1393 580 1469; x_wconf 76' lang='grc' dir='ltr'>τούτῳ</span> <span class='ocrx_word' id='word_1_110' title='bbox 593 1392 741 1468; x_wconf 82' lang='grc' dir='ltr'>χρημάτων</span> <span class='ocrx_word' id='word_1_111' title='bbox 754 1389 892 1452; x_wconf 80' lang='grc' dir='ltr'>πολλάκις</span> 
     </span>
     <span class='ocr_line' id='line_1_16' title="bbox 94 1475 938 1556; baseline -0.005 -18"><span class='ocrx_word' id='word_1_112' title='bbox 94 1481 206 1556; x_wconf 84' lang='grc' dir='ltr'>μνήμην</span> <span class='ocrx_word' id='word_1_113' title='bbox 220 1481 330 1554; x_wconf 80' lang='grc' dir='ltr'>ἑτέρωθι</span> <span class='ocrx_word' id='word_1_114' title='bbox 347 1482 397 1536; x_wconf 83' lang='grc' dir='ltr'>τοῦ</span> <span class='ocrx_word' id='word_1_115' title='bbox 417 1479 505 1556; x_wconf 87' lang='grc' dir='ltr'>λόγου</span> <span class='ocrx_word' id='word_1_116' title='bbox 524 1477 707 1551; x_wconf 78' lang='grc' dir='ltr'>ἐποιησάμην.</span> <span class='ocrx_word' id='word_1_117' title='bbox 748 1475 891 1534; x_wconf 86' lang='grc' dir='ltr'>Ἐνθεΰτεν</span> <span class='ocrx_word' id='word_1_118' title='bbox 900 1478 938 1534; x_wconf 79' lang='grc'>20</span> 
     </span>
     <span class='ocr_line' id='line_1_17' title="bbox 96 1560 891 1644; baseline -0.004 -21"><span class='ocrx_word' id='word_1_119' title='bbox 96 1569 124 1623; x_wconf 84' lang='grc' dir='ltr'>οἱ</span> <span class='ocrx_word' id='word_1_120' title='bbox 147 1566 330 1644; x_wconf 81' lang='grc' dir='ltr'>ζωγρηθέντες</span> <span class='ocrx_word' id='word_1_121' title='bbox 356 1567 410 1622; x_wconf 80' lang='grc' dir='ltr'>τῶν</span> <span class='ocrx_word' id='word_1_122' title='bbox 434 1563 584 1637; x_wconf 89' lang='grc' dir='ltr'>Μιλησίων</span> <span class='ocrx_word' id='word_1_123' title='bbox 605 1560 706 1642; x_wconf 86' lang='grc' dir='ltr'>ἤγοντο</span> <span class='ocrx_word' id='word_1_124' title='bbox 734 1569 760 1624; x_wconf 91' lang='grc' dir='ltr'>ἐς</span> <span class='ocrx_word' id='word_1_125' title='bbox 785 1562 891 1623; x_wconf 72' lang='grc' dir='ltr'>Σοῦσα.</span> 
     </span>
     <span class='ocr_line' id='line_1_18' title="bbox 95 1647 892 1760; baseline -0.006 -51"><span class='ocrx_word' id='word_1_126' title='bbox 95 1650 236 1727; x_wconf 76' lang='grc' dir='ltr'>βασιλεδς</span> <span class='ocrx_word' id='word_1_127' title='bbox 249 1650 279 1707; x_wconf 88' lang='grc' dir='ltr'>δέ</span> <span class='ocrx_word' id='word_1_128' title='bbox 292 1657 382 1760; x_wconf 81' lang='grc' dir='ltr'>σφεας</span> <span class='ocrx_word' id='word_1_129' title='bbox 396 1652 514 1725; x_wconf 88' lang='grc' dir='ltr'>Δαρεῖος</span> <span class='ocrx_word' id='word_1_130' title='bbox 528 1648 613 1707; x_wconf 78' lang='grc' dir='ltr'>κακόν</span> <span class='ocrx_word' id='word_1_131' title='bbox 627 1647 705 1707; x_wconf 73' lang='grc' dir='ltr'>οὐδὲν</span> <span class='ocrx_word' id='word_1_132' title='bbox 725 1648 798 1708; x_wconf 78' lang='grc' dir='ltr'>ἄλλο</span> <span class='ocrx_word' id='word_1_133' title='bbox 814 1647 892 1723; x_wconf 81' lang='grc' dir='ltr'>ποιή</span> 
     </span>
     <span class='ocr_line' id='line_1_19' title="bbox 96 1732 890 1815; baseline -0.004 -18"><span class='ocrx_word' id='word_1_134' title='bbox 96 1764 150 1801; x_wconf 90' lang='grc' dir='ltr'>σας</span> <span class='ocrx_word' id='word_1_135' title='bbox 169 1736 309 1796; x_wconf 88' lang='grc' dir='ltr'>κατοίκισε</span> <span class='ocrx_word' id='word_1_136' title='bbox 330 1736 375 1794; x_wconf 80' lang='grc' dir='ltr'>ἐπὶ</span> <span class='ocrx_word' id='word_1_137' title='bbox 395 1762 430 1815; x_wconf 81' lang='grc' dir='ltr'>τη</span> <span class='ocrx_word' id='word_1_138' title='bbox 417 1735 565 1814; x_wconf 76' lang='grc' dir='ltr'>Ἐρυθρῇ</span> <span class='ocrx_word' id='word_1_139' title='bbox 579 1737 733 1815; x_wconf 86' lang='grc' dir='ltr'>καλεομένη</span> <span class='ocrx_word' id='word_1_140' title='bbox 747 1732 890 1814; x_wconf 73' lang='grc' dir='ltr'>θαλάσση,</span> 
     </span>
     <span class='ocr_line' id='line_1_20' title="bbox 97 1823 892 1936; baseline 0 -53"><span class='ocrx_word' id='word_1_141' title='bbox 97 1830 125 1884; x_wconf 84' lang='grc' dir='ltr'>ἐν</span> <span class='ocrx_word' id='word_1_142' title='bbox 132 1824 233 1902; x_wconf 79' lang='grc' dir='ltr'>Ἀμπη</span> <span class='ocrx_word' id='word_1_143' title='bbox 253 1823 330 1894; x_wconf 88' lang='grc' dir='ltr'>πόλι,</span> <span class='ocrx_word' id='word_1_144' title='bbox 345 1823 409 1899; x_wconf 88' lang='grc' dir='ltr'>παρ’</span> <span class='ocrx_word' id='word_1_145' title='bbox 423 1823 458 1899; x_wconf 85' lang='grc' dir='ltr'>ήν</span> <span class='ocrx_word' id='word_1_146' title='bbox 471 1825 573 1903; x_wconf 83' lang='grc' dir='ltr'>Τίγρης</span> <span class='ocrx_word' id='word_1_147' title='bbox 585 1824 711 1900; x_wconf 74' lang='grc' dir='ltr'>ποταμός</span> <span class='ocrx_word' id='word_1_148' title='bbox 730 1823 892 1936; x_wconf 82' lang='grc' dir='ltr'>παραρρέων</span> 
     </span>
     <span class='ocr_line' id='line_1_21' title="bbox 96 1910 891 1990; baseline 0 -20"><span class='ocrx_word' id='word_1_149' title='bbox 96 1916 124 1974; x_wconf 80' lang='grc' dir='ltr'>ἐς</span> <span class='ocrx_word' id='word_1_150' title='bbox 141 1911 292 1972; x_wconf 85' lang='grc' dir='ltr'>θαλασσαν</span> <span class='ocrx_word' id='word_1_151' title='bbox 310 1912 383 1980; x_wconf 80' lang='grc' dir='ltr'>ἐξίει.</span> <span class='ocrx_word' id='word_1_152' title='bbox 424 1915 484 1988; x_wconf 82' lang='grc' dir='ltr'>τῆς</span> <span class='ocrx_word' id='word_1_153' title='bbox 492 1911 521 1970; x_wconf 85' lang='grc' dir='ltr'>δέ</span> <span class='ocrx_word' id='word_1_154' title='bbox 537 1912 703 1987; x_wconf 88' lang='grc' dir='ltr'>Μιλησίης</span> <span class='ocrx_word' id='word_1_155' title='bbox 702 1938 794 1990; x_wconf 82' lang='grc' dir='ltr'>χωρης</span> <span class='ocrx_word' id='word_1_156' title='bbox 813 1910 891 1970; x_wconf 72' lang='grc' dir='ltr'>αὐτοὶ</span> 
     </span>
    </p>

    <p class='ocr_par' dir='ltr' id='par_1_6' title="bbox 34 1999 891 2249">
     <span class='ocr_line' id='line_1_22' title="bbox 34 1999 891 2078; baseline -0.001 -21"><span class='ocrx_word' id='word_1_157' title='bbox 34 2024 38 2031; x_wconf 93' lang='grc'><strong><em>·</em></strong></span> <span class='ocrx_word' id='word_1_158' title='bbox 93 2002 146 2075; x_wconf 85' lang='grc' dir='ltr'>μὲν</span> <span class='ocrx_word' id='word_1_159' title='bbox 164 2025 191 2058; x_wconf 93' lang='grc' dir='ltr'>οι</span> <span class='ocrx_word' id='word_1_160' title='bbox 182 2000 315 2074; x_wconf 84' lang='grc' dir='ltr'>Πέρσαι</span> <span class='ocrx_word' id='word_1_161' title='bbox 336 1999 467 2078; x_wconf 81' lang='grc' dir='ltr'>είχον</span> <span class='ocrx_word' id='word_1_162' title='bbox 431 2026 467 2058; x_wconf 88' lang='grc' dir='ltr'>πα</span> <span class='ocrx_word' id='word_1_163' title='bbox 488 1999 551 2075; x_wconf 88' lang='grc' dir='ltr'>περὶ</span> <span class='ocrx_word' id='word_1_164' title='bbox 571 1999 623 2072; x_wconf 85' lang='grc' dir='ltr'>τήν</span> <span class='ocrx_word' id='word_1_165' title='bbox 641 2000 725 2059; x_wconf 89' lang='grc' dir='ltr'>πόλιν</span> <span class='ocrx_word' id='word_1_166' title='bbox 740 2001 785 2056; x_wconf 84' lang='grc' dir='ltr'>καὶ</span> <span class='ocrx_word' id='word_1_167' title='bbox 797 1999 830 2056; x_wconf 84' lang='grc' dir='ltr'>τὸ</span> <span class='ocrx_word' id='word_1_168' title='bbox 843 2024 891 2056; x_wconf 90' lang='grc' dir='ltr'>πε-</span> 
     </span>
     <span class='ocr_line' id='line_1_23' title="bbox 94 2085 891 2162; baseline 0 -18"><span class='ocrx_word' id='word_1_169' title='bbox 94 2087 160 2156; x_wconf 83' lang='grc' dir='ltr'>δίον,</span> <span class='ocrx_word' id='word_1_170' title='bbox 184 2085 219 2146; x_wconf 77' lang='grc' dir='ltr'>τᾶ</span> <span class='ocrx_word' id='word_1_171' title='bbox 244 2087 273 2144; x_wconf 86' lang='grc' dir='ltr'>δέ</span> <span class='ocrx_word' id='word_1_172' title='bbox 300 2085 453 2162; x_wconf 74' lang='grc' dir='ltr'>ὑπεράκρια</span> <span class='ocrx_word' id='word_1_173' title='bbox 480 2086 586 2144; x_wconf 82' lang='grc' dir='ltr'>ἔδοσαν</span> <span class='ocrx_word' id='word_1_174' title='bbox 605 2086 701 2162; x_wconf 86' lang='grc' dir='ltr'>Καρσὶ</span> <span class='ocrx_word' id='word_1_175' title='bbox 724 2085 891 2159; x_wconf 79' lang='grc' dir='ltr'>Πηδασεῦσι</span> 
     </span>
     <span class='ocr_line' id='line_1_24' title="bbox 94 2175 234 2249; baseline 0.014 -17"><span class='ocrx_word' id='word_1_176' title='bbox 94 2175 234 2249; x_wconf 77' lang='grc' dir='ltr'>ἐκτῆσθαι.</span> 
     </span>
    </p>

    <p class='ocr_par' dir='ltr' id='par_1_7' title="bbox 72 2260 975 3304">
     <span class='ocr_line' id='line_1_25' title="bbox 134 2260 968 2342; baseline 0.001 -21"><span class='ocrx_word' id='word_1_177' title='bbox 134 2263 265 2321; x_wconf 84' lang='grc' dir='ltr'>Παθοῦσι</span> <span class='ocrx_word' id='word_1_178' title='bbox 279 2263 407 2322; x_wconf 77' lang='grc' dir='ltr'>δὲταῦτα</span> <span class='ocrx_word' id='word_1_179' title='bbox 421 2263 593 2337; x_wconf 88' lang='grc' dir='ltr'>Μιλησίοισι</span> <span class='ocrx_word' id='word_1_180' title='bbox 610 2261 681 2339; x_wconf 77' lang='grc' dir='ltr'>πρός</span> <span class='ocrx_word' id='word_1_181' title='bbox 695 2261 828 2338; x_wconf 84' lang='grc' dir='ltr'>Περσέων</span> <span class='ocrx_word' id='word_1_182' title='bbox 841 2260 890 2320; x_wconf 77' lang='grc' dir='ltr'>οὐκ</span> <span class='ocrx_word' id='word_1_183' title='bbox 899 2265 935 2322; x_wconf 82' lang='grc'>21</span> <span class='ocrx_word' id='word_1_184' title='bbox 965 2337 968 2342; x_wconf 23' lang='lat'><em>4</em></span> 
     </span>
     <span class='ocr_line' id='line_1_26' title="bbox 92 2349 890 2429; baseline 0 -22"><span class='ocrx_word' id='word_1_185' title='bbox 92 2349 235 2429; x_wconf 76' lang='grc' dir='ltr'>ἀπέδοσαν</span> <span class='ocrx_word' id='word_1_186' title='bbox 258 2349 311 2424; x_wconf 83' lang='grc' dir='ltr'>τήν</span> <span class='ocrx_word' id='word_1_187' title='bbox 333 2349 432 2425; x_wconf 82' lang='grc' dir='ltr'>ὁμοίην</span> <span class='ocrx_word' id='word_1_188' title='bbox 457 2350 622 2426; x_wconf 82' lang='grc' dir='ltr'>Συβαρῖται,</span> <span class='ocrx_word' id='word_1_189' title='bbox 647 2349 672 2407; x_wconf 79' lang='grc' dir='ltr'>οἳ</span> <span class='ocrx_word' id='word_1_190' title='bbox 697 2349 773 2408; x_wconf 82' lang='grc' dir='ltr'>Λάον</span> <span class='ocrx_word' id='word_1_191' title='bbox 793 2375 824 2407; x_wconf 92' lang='grc' dir='ltr'>τε</span> <span class='ocrx_word' id='word_1_192' title='bbox 844 2349 890 2408; x_wconf 84' lang='grc' dir='ltr'>καὶ</span> 
     </span>
     <span class='ocr_line' id='line_1_27' title="bbox 93 2427 890 2512; baseline 0.004 -20"><span class='ocrx_word' id='word_1_193' title='bbox 93 2436 211 2511; x_wconf 82' lang='grc' dir='ltr'>Σκίδρον</span> <span class='ocrx_word' id='word_1_194' title='bbox 220 2437 310 2495; x_wconf 86' lang='grc' dir='ltr'>οίκεου</span> <span class='ocrx_word' id='word_1_195' title='bbox 322 2441 372 2511; x_wconf 77' lang='grc' dir='ltr'>τῆς</span> <span class='ocrx_word' id='word_1_196' title='bbox 384 2427 722 2512; x_wconf 78' lang='grc' dir='ltr'>πόλιοςόπεστερημένοι.</span> <span class='ocrx_word' id='word_1_197' title='bbox 750 2436 890 2512; x_wconf 79' lang='grc' dir='ltr'>Συβάριος</span> 
     </span>
     <span class='ocr_line' id='line_1_28' title="bbox 91 2521 890 2602; baseline 0.01 -24"><span class='ocrx_word' id='word_1_198' title='bbox 91 2521 147 2602; x_wconf 82' lang='grc' dir='ltr'>γοῖρ</span> <span class='ocrx_word' id='word_1_199' title='bbox 167 2522 291 2597; x_wconf 76' lang='grc' dir='ltr'>ἁλούσης</span> <span class='ocrx_word' id='word_1_200' title='bbox 311 2523 365 2582; x_wconf 60' lang='lat' dir='ltr'>fin&amp;</span> <span class='ocrx_word' id='word_1_201' title='bbox 388 2525 608 2600; x_wconf 84' lang='grc' dir='ltr'>Κροτωνιητέων,</span> <span class='ocrx_word' id='word_1_202' title='bbox 631 2524 772 2599; x_wconf 91' lang='grc' dir='ltr'>Μιλήσιοι</span> <span class='ocrx_word' id='word_1_203' title='bbox 790 2523 890 2587; x_wconf 74' lang='grc' dir='ltr'>πάντες</span> 
     </span>
     <span class='ocr_line' id='line_1_29' title="bbox 89 2608 890 2691; baseline 0.001 -23"><span class='ocrx_word' id='word_1_204' title='bbox 89 2608 202 2684; x_wconf 81' lang='grc' dir='ltr'>,ήβηδδν</span> <span class='ocrx_word' id='word_1_205' title='bbox 222 2609 400 2686; x_wconf 75' lang='grc' dir='ltr'>ἀπεκείραντο</span> <span class='ocrx_word' id='word_1_206' title='bbox 420 2611 470 2678; x_wconf 82' lang='grc' dir='ltr'>τοὶς</span> <span class='ocrx_word' id='word_1_207' title='bbox 490 2611 617 2685; x_wconf 73' lang='grc' dir='ltr'>κεφαλὰς</span> <span class='ocrx_word' id='word_1_208' title='bbox 635 2612 687 2670; x_wconf 86' lang='grc' dir='ltr'>καὶΙ</span> <span class='ocrx_word' id='word_1_209' title='bbox 697 2612 797 2674; x_wconf 84' lang='grc' dir='ltr'>πένθος</span> <span class='ocrx_word' id='word_1_210' title='bbox 817 2613 890 2691; x_wconf 88' lang='grc' dir='ltr'>μέγα</span> 
     </span>
     <span class='ocr_line' id='line_1_30' title="bbox 91 2696 890 2778; baseline 0.004 -23"><span class='ocrx_word' id='word_1_211' title='bbox 91 2696 292 2774; x_wconf 88' lang='grc' dir='ltr'>προεθήκαντο·</span> <span class='ocrx_word' id='word_1_212' title='bbox 319 2696 416 2760; x_wconf 80' lang='grc' dir='ltr'>πόλιες</span> <span class='ocrx_word' id='word_1_213' title='bbox 437 2698 492 2778; x_wconf 83' lang='grc' dir='ltr'>γοὶρ</span> <span class='ocrx_word' id='word_1_214' title='bbox 518 2697 597 2757; x_wconf 81' lang='grc' dir='ltr'>αὗται</span> <span class='ocrx_word' id='word_1_215' title='bbox 620 2699 747 2774; x_wconf 82' lang='grc' dir='ltr'>μάλιστα</span> <span class='ocrx_word' id='word_1_216' title='bbox 775 2699 808 2775; x_wconf 85' lang='grc' dir='ltr'>δή</span> <span class='ocrx_word' id='word_1_217' title='bbox 836 2704 890 2758; x_wconf 79' lang='grc' dir='ltr'>τῶν</span> 
     </span>
     <span class='ocr_line' id='line_1_31' title="bbox 90 2782 914 2864; baseline 0.008 -22"><span class='ocrx_word' id='word_1_218' title='bbox 90 2783 172 2860; x_wconf 85' lang='grc' dir='ltr'>ήμεῖς</span> <span class='ocrx_word' id='word_1_219' title='bbox 191 2786 269 2863; x_wconf 81' lang='grc' dir='ltr'>ἴδμεν</span> <span class='ocrx_word' id='word_1_220' title='bbox 289 2782 437 2864; x_wconf 75' lang='grc' dir='ltr'>ἀλλήλῃσι</span> <span class='ocrx_word' id='word_1_221' title='bbox 458 2785 649 2860; x_wconf 82' lang='grc' dir='ltr'>ἐξεινώθησαν.</span> <span class='ocrx_word' id='word_1_222' title='bbox 691 2787 771 2846; x_wconf 65' lang='grc' dir='ltr'>οὐδὲν</span> <span class='ocrx_word' id='word_1_223' title='bbox 789 2786 889 2862; x_wconf 77' lang='grc' dir='ltr'>ὁμοίως</span> <span class='ocrx_word' id='word_1_224' title='bbox 911 2787 914 2792; x_wconf 52' lang='grc'><strong>’</strong></span> 
     </span>
     <span class='ocr_line' id='line_1_32' title="bbox 91 2871 890 2952; baseline 0.006 -24"><span class='ocrx_word' id='word_1_225' title='bbox 91 2873 138 2930; x_wconf 87' lang='grc' dir='ltr'>καὶ</span> <span class='ocrx_word' id='word_1_226' title='bbox 152 2871 307 2950; x_wconf 81' lang='grc' dir='ltr'>Ἀθηναῖοι.</span> <span class='ocrx_word' id='word_1_227' title='bbox 338 2871 492 2947; x_wconf 87' lang='grc' dir='ltr'>-Ἀθηναῖοι</span> <span class='ocrx_word' id='word_1_228' title='bbox 508 2873 630 2952; x_wconf 75' lang='grc' dir='ltr'>μὲνγὰρ</span> <span class='ocrx_word' id='word_1_229' title='bbox 648 2874 736 2949; x_wconf 83' lang='grc' dir='ltr'>δῆλον</span> <span class='ocrx_word' id='word_1_230' title='bbox 754 2875 890 2947; x_wconf 89' lang='grc' dir='ltr'>ἐποίησαν</span> 
     </span>
     <span class='ocr_line' id='line_1_33' title="bbox 89 2957 889 3044; baseline -0.001 -28"><span class='ocrx_word' id='word_1_231' title='bbox 89 2957 400 3039; x_wconf 87' lang='grc' dir='ltr'>υπεραχθεσθέντες</span> <span class='ocrx_word' id='word_1_232' title='bbox 364 2986 399 3039; x_wconf 81' lang='grc' dir='ltr'>τη</span> <span class='ocrx_word' id='word_1_233' title='bbox 420 2959 552 3035; x_wconf 85' lang='grc' dir='ltr'>Μιλήτου</span> <span class='ocrx_word' id='word_1_234' title='bbox 572 2960 742 3030; x_wconf 72' lang='grc' dir='ltr'>α’λεΐισει,</span> <span class='ocrx_word' id='word_1_235' title='bbox 706 2986 743 3036; x_wconf 86' lang='grc' dir='ltr'>τη</span> <span class='ocrx_word' id='word_1_236' title='bbox 762 2984 792 3017; x_wconf 92' lang='grc' dir='ltr'>τε</span> <span class='ocrx_word' id='word_1_237' title='bbox 812 2957 889 3044; x_wconf 83' lang='grc' dir='ltr'>αλλῃ</span> 
     </span>
     <span class='ocr_line' id='line_1_34' title="bbox 90 3040 934 3137; baseline -0.001 -36"><span class='ocrx_word' id='word_1_238' title='bbox 90 3049 233 3124; x_wconf 78' lang='grc' dir='ltr'>πολλαχῆ,</span> <span class='ocrx_word' id='word_1_239' title='bbox 248 3073 294 3106; x_wconf 87' lang='grc' dir='ltr'>και</span> <span class='ocrx_word' id='word_1_240' title='bbox 284 3046 400 3122; x_wconf 87' lang='grc' dir='ltr'>δή</span> <span class='ocrx_word' id='word_1_241' title='bbox 356 3073 402 3105; x_wconf 89' lang='grc' dir='ltr'>και</span> <span class='ocrx_word' id='word_1_242' title='bbox 418 3045 575 3123; x_wconf 87' lang='grc' dir='ltr'>ποιήσαντι</span> <span class='ocrx_word' id='word_1_243' title='bbox 589 3046 724 3123; x_wconf 57' lang='grc' dir='ltr'>Φρυυίγω</span> <span class='ocrx_word' id='word_1_244' title='bbox 735 3040 934 3137; x_wconf 55' lang='grc' dir='ltr'>δραχιαλλι·</span> 
     </span>
     <span class='ocr_line' id='line_1_35' title="bbox 82 3117 940 3207; baseline -0.01 -13"><span class='ocrx_word' id='word_1_245' title='bbox 82 3130 174 3202; x_wconf 71' lang='grc' dir='ltr'>λήτου</span> <span class='ocrx_word' id='word_1_246' title='bbox 194 3134 305 3196; x_wconf 81' lang='grc' dir='ltr'>ἅλωσιν</span> <span class='ocrx_word' id='word_1_247' title='bbox 327 3162 374 3195; x_wconf 91' lang='grc' dir='ltr'>και</span> <span class='ocrx_word' id='word_1_248' title='bbox 363 3136 580 3206; x_wconf 81' lang='grc' dir='ltr'>διδαξαντι,</span> <span class='ocrx_word' id='word_1_249' title='bbox 571 3161 600 3198; x_wconf 86' lang='grc' dir='ltr'>ες</span> <span class='ocrx_word' id='word_1_250' title='bbox 616 3129 737 3207; x_wconf 69' lang='grc' dir='ltr'>δακρυό</span> <span class='ocrx_word' id='word_1_251' title='bbox 746 3117 940 3186; x_wconf 55' lang='grc' dir='ltr'>πεῖπὶῦὶἳῦ</span> 
     </span>
     <span class='ocr_line' id='line_1_36' title="bbox 72 3197 975 3304; baseline 0.004 -21"><span class='ocrx_word' id='word_1_252' title='bbox 72 3216 197 3290; x_wconf 64' lang='grc' dir='ltr'>θέητρον</span> <span class='ocrx_word' id='word_1_253' title='bbox 213 3248 266 3284; x_wconf 90' lang='grc' dir='ltr'>και</span> <span class='ocrx_word' id='word_1_254' title='bbox 256 3225 461 3303; x_wconf 84' lang='grc' dir='ltr'>ἐζημίωσάν</span> <span class='ocrx_word' id='word_1_255' title='bbox 484 3251 548 3304; x_wconf 84' lang='grc' dir='ltr'>μιν,</span> <span class='ocrx_word' id='word_1_256' title='bbox 563 3223 604 3287; x_wconf 76' lang='grc' dir='ltr'>ὦς</span> <span class='ocrx_word' id='word_1_257' title='bbox 622 3213 854 3294; x_wconf 55' lang='lat' dir='ltr'><strong>&amp;mmmm</strong></span> <span class='ocrx_word' id='word_1_258' title='bbox 865 3197 975 3266; x_wconf 51' lang='lat' dir='ltr'>‘mm‘</span> 
     </span>
    </p>
   </div>
   <div class='ocr_carea' id='block_1_4' title="bbox 0 0 1016 3450">
    <p class='ocr_par' dir='ltr' id='par_1_8' title="bbox 0 0 1016 3450">
     <span class='ocr_line' id='line_1_37' title="bbox 0 0 1016 3450; baseline 0 0"><span class='ocrx_word' id='word_1_259' title='bbox 0 0 1016 3450; x_wconf 95' lang='lat' dir='ltr'> </span> 
     </span>
    </p>
   </div>
  </div>
 </body>
</html>
