2024 3450
100 105 206 169 17-20]
418 107 604 155 ῙῙΟΛΤΜΝΙΔ.
852 110 896 156 131

98 188 157 246 ἐπεὶ
175 187 205 246 δέ
220 186 349 265 δαιμονίη
362 211 404 250 τις
416 187 522 268 γίνεται
542 186 625 264 ὁρμὴ,
640 187 686 246 καὶ
696 186 849 264 Ἓλληνας,
864 188 899 252 οἷς

98 277 176 345 ἐοικε,
195 276 289 352 φθορή
309 300 351 338 τις
373 273 587 350 καταλαμβάνει
609 274 753 357 θεήλατος,
777 275 830 355 ἐγώ
847 278 899 353 μὲν

97 365 143 422 καὶ
167 362 249 426 αῦτδς
270 363 412 440 τράπομαι
434 363 479 419 καὶ
502 361 553 436 την
574 360 686 440 γνώμην
707 363 897 440 μετατίθεμαι·

97 450 134 510 σῦ
148 451 179 509 δέ
192 451 320 529 σήμηνον
340 452 391 525 μέν
405 451 539 527 Πέρσησι
553 448 588 507 τά
602 453 632 506 ἐκ
646 453 697 506 τοῦ
711 450 775 508 θεοῦ
792 451 899 528 πεμπά-

96 565 175 614 μενα,
188 540 314 617 χρῆσθαι
328 537 357 596 δὲ
371 537 465 595 κέλευε
478 540 556 595 τοῖσι
570 540 600 594 ἐκ
614 534 666 594 σέο
679 535 815 612 πρώτοισι
832 565 898 615 προ·

97 627 268 703 ειρημένοισι
283 631 310 687 ἐς
323 624 376 700 την
389 623 579 700 παρασκευήν·
600 623 678 681 ποίεε
692 623 721 681 δὲ
732 621 810 693 οὕτω,
821 624 899 695 ὅκως,

96 717 146 771 τοῦ
169 715 233 772 θεοῦ
256 711 463 787 παραδιδόντος,
488 713 542 770 τῶν
562 713 622 769 σῦν
644 709 768 785 ἐνδεήσει
787 711 899 786 μηδέν.”

98 799 204 858 τούτων
219 799 383 877 λεχθέντων,
402 800 520 858 ἐνθαῦτα
539 798 702 875 ἐπαρθέντες
719 800 755 876 τῇ
776 797 847 877 ὄψει,
864 799 899 864 (ῦς

96 885 187 962 ήμέρη
201 888 310 966 ἐγένετο
323 886 452 966 τάχιστα,
462 887 568 964 Ξέρξης
576 912 607 946 τε
620 885 797 963 ὑπερετίθετο
811 890 898 948 ταῦτα

97 975 238 1052 Πέρσησι,
253 975 299 1033 καὶ
312 973 495 1051 Ἀρτάβανος,
511 975 541 1039 ὃς
561 974 697 1052 πρότερον
714 974 899 1037 ἀποσπεύδων

95 1067 197 1139 μοῦνος
210 1063 347 1140 ἐφαίνετο,
357 1063 422 1124 τότε
435 1064 608 1125 ἐπισπεύδων
622 1063 743 1140 φανεράς
755 1063 799 1140 ἦν.

135 1149 298 1231 Ὡρμημένῳ
315 1152 344 1211 δέ
357 1153 449 1232 Ξέρξη
469 1154 696 1230 στρατηλατέειν,
715 1153 787 1229 μετά
806 1159 895 1214 ταῦτα
907 1156 943 1214 19

93 1239 172 1314 τρίτη
185 1239 249 1318 ὄψις
262 1246 291 1300 ἐν
304 1245 342 1318 τῷ
355 1239 430 1320 ὕπνῳ
444 1242 561 1321 ἐγένετο,
576 1240 627 1316 την
640 1244 667 1300 οἶ
681 1240 768 1321 μάγοι
789 1243 897 1316 ἔκριναν

94 1325 263 1390 άκούσαντες
280 1330 376 1405 φέρειν
388 1355 419 1387 τε
434 1329 480 1386 ἐπὶ
493 1333 590 1387 πᾶσαν
605 1332 668 1408 γῆν,
683 1327 843 1386 δουλεύσειν
864 1329 898 1385 τέ

95 1416 121 1471 οἶ
139 1413 244 1477 πάντας
262 1414 432 1490 ἀνθρώπους.
473 1413 491 1489 ἡ
513 1413 542 1472 δὲ
562 1413 626 1490 ὄψις
639 1413 674 1487 ἦν
689 1412 747 1487 ἥδε·
770 1413 860 1471 ἐδόκεε
880 1413 897 1472 ὅ

95 1501 199 1576 Ξέρξης
221 1502 438 1573 ἐστεφανῶσθαι
460 1501 555 1575 ἐλαίης
578 1500 684 1576 θαλλῷ·
713 1497 769 1557 άπὸ
793 1499 823 1557 δέ
846 1504 898 1574 τῆς

95 1586 191 1660 ἐλαίης
209 1586 273 1647 τοῦς
290 1585 408 1647 κλάδους
421 1590 475 1665 γῆν
492 1589 589 1644 πᾶσαν
610 1588 747 1661 ἐπισχεῖν·
768 1585 839 1660 μετά
858 1586 896 1655 δὲ,

95 1671 289 1746 ἀφανισθῆναι
302 1671 366 1747 περὶ
378 1676 413 1750 τῇ
428 1675 540 1749 κεφαλῇ
551 1672 676 1747 κείμενον
686 1670 735 1731 τᾶν
746 1673 894 1747 στέφανον.

96 1757 244 1834 κρινάντων
266 1759 296 1817 δέ
317 1757 404 1837 ταύτῃ
428 1762 482 1817 τῶν
505 1759 610 1838 μάγων,
633 1759 767 1835 Περσέων
788 1786 819 1820 τε
841 1764 896 1819 τῶν

95 1847 309 1924 συλλεχθέντων
329 1845 504 1910 αῦτίκαπᾶς
525 1846 595 1924 ἀνὴρ
618 1851 645 1910 ἐς
665 1846 716 1923 την
737 1846 827 1928 α’ρχήν
845 1847 897 1924 τὴν

96 1937 196 1994 ἑωυτοῦ
215 1932 370 2005 α’πελάσας,
387 1934 445 2014 εἶχε
465 1934 622 2012 προθυμίην
642 1939 738 1996 πᾶσαν
757 1938 803 1996 ἐπὶ
820 1941 897 1997 τοῖσι

96 2022 273 2099 εἰρημένοισι,
317 2023 387 2082 έλων
414 2021 497 2087 αῦτδς
524 2023 641 2086 ἕκαστος
667 2022 702 2084 ταὶ
729 2026 897 2101 προκείμενα

95 2110 169 2187 δῶρα
189 2112 305 2188 λαβεῖν·
330 2111 377 2170 καὶ
399 2111 505 2189 Ξέρξης
524 2115 575 2172 τοῦ
594 2115 716 2188 στρατοῦ
739 2111 809 2171 οὕτω
831 2111 896 2171 ἐπά-

93 2224 192 2277 γερσιν
208 2201 339 2270 ποιέεται,
352 2205 445 2280 χῶρον
463 2199 556 2260 πάντα
576 2203 691 2275 ἐρευνῶν
705 2202 755 2275 τῆς
770 2198 896 2276 ἠπείρου.

93 2284 165 2346 'Ana
181 2287 235 2370 γάρ
249 2287 394 2369 Αἰγύπτου
409 2287 541 2359 άλιίσιος,
555 2289 601 2348 ἐπὶ
620 2290 673 2366 μὲν
692 2288 816 2365 τέσσερα
833 2289 896 2348 ἔτεα
904 2290 942 2348 20

94 2375 204 2452 πλήρεα
223 2378 395 2454 παραρτέετο
414 2375 551 2455 στρατιήν
568 2403 599 2438 τε
617 2377 664 2436 καὶ
684 2376 719 2437 τά
740 2375 895 2454 πρόσφορα

94 2465 130 2540 τῇ
147 2467 276 2541 στρατιῇ·
297 2464 414 2544 πέμπτῳ
433 2465 463 2525 δὲ
481 2465 536 2525 ἕτεῖ
551 2464 674 2543 ἀνομένῳ
690 2463 895 2542 ἐστρατηλάτεε

93 2549 167 2627 χειρὶ
179 2550 291 2631 μεγάλῃ
308 2553 441 2627 πλήθεος.
482 2553 594 2611 στόλων
607 2552 670 2631 γάρ,
684 2556 738 2612 τῶν
756 2551 837 2629 ἡμεῖς
856 2552 894 2611 ’ίδ-

93 2662 154 2713 μεν,
167 2640 267 2715 πολλῷ
287 2638 321 2714 δὴ
333 2641 475 2720 μέγιστος
489 2636 570 2703 οῦτος
588 2642 705 2721 ἐγένετο·
728 2639 802 2701 ὥστε
821 2639 893 2718 μήτε

93 2724 143 2785 τόν
156 2726 277 2802 Δαρείου
290 2725 340 2786 τδν
353 2728 398 2786 ἐπὶ
412 2727 521 2793 Σκύθας
532 2727 609 2805 παραὶ
622 2732 722 2788 τοῦτον
732 2728 818 2805 μηδὲν
829 2730 893 2805 φοί-

93 2814 200 2883 νεσθαι,
221 2812 293 2890 μήτε
310 2813 360 2875 τδν
373 2814 518 2885 Σκυθικὸν,
539 2814 586 2874 ὅτε
603 2815 708 2879 Σκύθαι
721 2817 894 2893 Κιμμερίους

94 2899 235 2965 διώκοντες
249 2907 276 2965 ἐς
288 2904 340 2979 την
353 2902 484 2979 Μηδικήν
496 2902 590 2982 χώρην
604 2902 778 2980 ἐμβαλόντες
791 2902 894 2980 σχεδδν

93 2987 185 3048 πάντα
196 2989 233 3050 τοῖ
246 2989 301 3051 ἅνω
310 2994 362 3070 τῆς
373 2989 476 3071 Ἀσίης
488 2989 912 3084 καταστρεψάμευοεὶυξραοτα·
922 3059 936 3077 x

88 3079 144 3135 τῶν
157 3078 262 3143 εἵνεκεν
281 3079 409 3164 ὕστερον
426 3084 553 3162 Δαρεῖος
566 3076 750 3157 ἐτιμωοέετὟ
761 3081 951 3185 ,λὶᾞῑῇξζ
963 3157 978 3168 .

80 3162 117 3221 τά
131 3166 285 3249 λεγόμενα
296 3172 355 3237 τὸν
364 3172 548 3257 Ἀτρειδέων
566 3167 721 3232 &mom
736 3161 889 3254 meam
913 3152 964 3265 v?
978 3223 997 3251 ε

71 3254 137 3307 σνῗν
158 3280 195 3315 τε
215 3263 271 3323 καὶ
283 3270 437 3345 Τευκρῶν
457 3262 519 3327 τὸν
540 3257 610 3339 πρὸ
630 3245 860 3315 ,fngpnssmffl
874 3237 919 3292 Ἱὶ
954 3228 982 3275 Ψ
