2024 3450
121 105 228 168 τις-ω]
433 107 618 159 nomm.
868 111 916 160 ιιι

119 211 163 244 τοι
189 186 322 264 ἀτρεκέως
347 190 498 259 καταλέξω·
526 191 588 250 ἐπεί
607 215 639 251 τε
660 188 716 272 γάρ
736 188 861 270 τάχιστά
881 215 917 251 σε

120 274 261 350 ἐπυθόμην
280 276 325 333 ἐπὶ
347 275 498 335 θάλασσαν
520 278 726 353 καταβαίνοντα
745 276 797 353 τήν
813 277 916 354 Ἕλλη·

118 361 187 431 νίδα,
209 361 384 438 βουλόμενός
402 388 445 421 τοι
466 364 562 422 δοῦναι
585 368 611 426 ἐς
632 365 682 424 τάν
703 365 828 441 πόλεμον
848 365 916 444 χρή·

117 473 201 523 ματα,
224 449 366 526 ἐξέμαθον,
393 451 438 507 καὶ
465 447 544 526 εὗρον
571 450 758 530 λογιζόμενος,
784 452 915 530 ἀργυρίου

117 537 169 610 μὲν
182 536 230 595 δύο
243 537 372 614 χιλιάδας
393 536 493 600 ἐούσας
512 561 561 613 μοι
581 536 732 609 ταλάντων,
747 539 865 615 χρυσίου
886 538 915 597 δέ

117 627 298 698 τετρακοσίας
318 618 452 699 μυριάδας
472 624 617 699 στατήρων
631 627 780 699 Δαρεικῶν,
797 623 916 683 ἐπιδεού-

118 734 171 771 σας
185 709 253 768 ἐπτοὶ
267 709 424 787 χιλιαδέων.
456 710 501 768 καὶ
514 711 642 771 τούτοισί
654 737 689 769 σε
703 710 756 791 ἐγά
770 711 914 786 δωρέομαι·

118 794 190 873 αὐτῷ
207 795 230 854 δ’
244 797 306 872 ἐμοὶ
324 794 380 857 ἀπό
396 795 574 876 ἀνδραπόδων
591 825 622 859 τε
641 799 688 858 καὶ
701 799 855 880 γεωπεδίων
869 798 915 876 ἀρ-

118 881 185 940 κέων
206 883 268 941 ἐστὶ
288 881 379 960 βίος.”
397 920 401 927 ·
418 884 452 945 Ὀ
474 888 526 962 μὲν
545 890 634 946 ταῦτα
655 887 742 966 έλεγε·
764 886 869 963 Ξέρξης
885 887 962 947 δέ29

116 966 310 1041 ἦσθεὶςτοῐσι
333 973 603 1049 είρημένοισι,,εἶπε·
632 985 649 1009 “
658 974 729 1043 ξεῖνε
752 975 834 1044 Λυδὲ,
858 974 913 1056 ἐγω
960 1032 963 1039 ,

116 1057 178 1116 ἐπεί
194 1084 225 1117 τε
247 1059 366 1134 ἐξῆλθον
385 1059 581 1138 τήνΠερσίδα
601 1062 702 1141 χώρην,
724 1062 814 1122 οὐδενὶ
834 1062 913 1142 ἀνδρὶ

114 1147 248 1223 συνέμιξα
266 1152 293 1210 ἐς
316 1148 386 1223 τοδε,
411 1147 489 1212 ὅστις
511 1148 638 1226 ἠθέλησε
662 1151 747 1220 ξείνια
768 1152 912 1227 προθεῖναι

113 1239 224 1314 στρατῷ
238 1240 276 1314 τῷ
294 1241 357 1315 ἐμῷ,
373 1236 435 1296 οὐδὲ
456 1236 534 1300 ὅστις
554 1242 582 1300 ἐς
602 1238 667 1315 ὄψιν
681 1238 731 1313 τήν
746 1239 816 1314 ἐμήν
830 1265 911 1297 κατα-

113 1323 182 1386 στάς
202 1322 427 1404 αὐτεπάγγελτος
447 1329 474 1386 ἐς
491 1323 540 1383 τόν
558 1325 685 1400 πόλεμον
707 1325 769 1399 ἐμοὶ
787 1324 912 1400 η’θέλησε

113 1411 315 1485 συμβαλέσθαι
328 1408 467 1487 χρήματα,
478 1410 528 1477 ἐξω
542 1414 602 1467 σεῦ·
624 1410 661 1468 σῦ
675 1410 705 1468 δὲ
719 1411 764 1466 καὶ
778 1410 911 1481 ἐξείνισας

112 1496 240 1574 μεγάλως
264 1495 390 1572 στρατόν
406 1497 455 1554 τόν
478 1495 553 1570 ἐμόν,
576 1496 621 1552 καὶ
644 1495 776 1573 χρήματα
799 1496 911 1576 μεγάλα

113 1584 310 1660 ἐπαγγέλλεαι.
352 1581 400 1639 σοὶ
415 1580 451 1640 ὧν
465 1579 517 1659 ἐγω
532 1580 593 1640 ἀντὶ
610 1579 698 1639 αὐτῶν
718 1582 800 1660 γέρεα
810 1583 910 1643 ,τοιάδε

113 1667 218 1744 δίδωμι·
240 1667 329 1736 ξεῖνόν
346 1669 378 1725 τέ
389 1693 424 1725 σε
437 1671 567 1742 ποιεῦμαι
581 1666 647 1741 ἐμόν
661 1667 706 1725 καὶ
719 1667 769 1730 τάς
781 1693 909 1743 τετρακο·

113 1755 176 1816 σίας
196 1755 331 1831 μυριάδας
351 1779 395 1813 τοι
418 1758 472 1812 τῶν
496 1752 641 1830 στατήρων
665 1753 823 1831 ἀποπλήσω
845 1756 910 1834 παρ’

113 1846 256 1918 ἐμεωυτοῦ,
272 1841 334 1904 δοῦς
352 1840 401 1904 τὰς
419 1839 488 1900 ἐπτά
506 1840 643 1918 χιλιάδας·
666 1843 710 1902 ἵνα
727 1843 768 1920 μή
787 1869 831 1903 τοι
852 1849 909 1904 ε’πι-
949 1840 952 1845 ’

112 1929 184 1992 δεέες
200 1930 265 1989 έωσι
280 1932 309 1988 αἱ
327 1928 505 2006 τετρακόσιαι
520 1929 649 2007 μυριάδες
667 1930 736 1991 ἐπτά
751 1933 906 2009 χιλιαδέων,

112 2016 178 2075 ἀλλ’
190 2016 209 2096 ᾖ
223 2044 267 2078 τοι
287 2017 475 2098 ἀπαρτιλογίη
493 2015 539 2074 ὕπ’
553 2018 617 2094 ἐμέο
632 2019 844 2094 πεπληρωμένη·
866 2021 908 2078 κέ-

112 2105 201 2180 κτησό
212 2132 243 2166 τε
258 2104 339 2168 αῦτδς
358 2103 394 2164 τά
414 2130 467 2182 περ
484 2103 566 2168 αῦτάς
580 2105 709 2180 ἐκτήσαο,
725 2105 865 2177 ἐπίστασό
877 2134 908 2167 τε

112 2192 180 2252 εἶναι
195 2196 248 2253 αἰεὶ
267 2197 402 2256 τοιοῦτος·
424 2191 456 2252 οῦ
475 2191 530 2274 γάρ
551 2219 595 2253 τοι
607 2197 695 2252 ταῦτα
708 2196 831 2253 ποιεῦντι
845 2192 907 2254 οὔτε

112 2286 138 2343 ἐς
149 2280 181 2341 τό
195 2281 299 2361 παρεόν
313 2281 375 2341 οὔτε
390 2286 416 2344 ἐς
428 2281 530 2361 χρόνον
543 2279 760 2358 μεταμελήσει.”
790 2287 796 2353 j

149 2374 243 2429 Ταῦτα
262 2371 292 2429 δέ
312 2369 391 2433 εἶπας
411 2370 456 2427 καὶ
476 2371 604 2430 ἐπιτελέα
618 2370 747 2445 ποιήσας,
762 2370 907 2447 ἐπορεύετο
915 2373 955 2432 30

110 2455 163 2513 αἰεὶ
175 2455 207 2515 τό
222 2456 329 2532 πρόσω.
366 2455 475 2517 Ἀναυα
487 2457 518 2516 δὲ
532 2457 703 2533 καλεομένην
721 2462 837 2537 Φρυγῶν
857 2458 907 2519 πό·

110 2545 156 2602 λιν
176 2543 426 2621 παραμειβόμενος,
441 2544 486 2602 καὶ
502 2545 604 2620 λίμνην
618 2551 647 2603 ἐκ
664 2536 714 2620 τῆς
731 2544 797 2608 ἀλες
817 2549 906 2626 γίνον-

109 2655 162 2699 ται,
177 2629 290 2690 ἀπίκετο
307 2635 334 2693 ἐς
348 2631 511 2701 Κολοσσάς,
532 2632 616 2691 πόλιν
636 2632 764 2712 μεγάλην
777 2633 906 2714 Φρυγίης,

111 2722 139 2778 ἐν
151 2717 287 2798 τῇΛῦκος
297 2717 422 2794 ποταμός
432 2724 459 2782 ἐς
471 2718 573 2798 χάσμα
586 2723 637 2799 γῆς
652 2719 804 2797 ἐσβάλλων
818 2719 905 2795 ἀφαν-

110 2806 202 2876 ίζεται,
217 2807 312 2866 ἔπειτα
324 2805 370 2866 διά
382 2806 502 2866 σταδίων
517 2806 551 2869 ὥς
561 2808 643 2866 πέντε
652 2807 781 2883 μάλιστά
795 2835 829 2885 κη
843 2807 906 2868 ἀνα-

110 2893 275 2970 φαινόμενος
291 2894 393 2953 ἐκδιδοῖ
408 2893 453 2952 καὶ
466 2891 546 2966 οὗτος
560 2899 587 2957 ἐς
598 2894 648 2954 τόν
661 2896 833 2971 Μαίανδρον.
875 2901 905 2954 ἐκ

109 2980 138 3038 δὲ
147 2982 321 3041 Κολοσσέων
334 2980 532 3060 ὁρμεώμενοςό
547 2982 671 3060 στρατός
680 2983 728 3040 ἐπὶ
738 2982 808 3040 τοῦς
816 2981 921 3051 &pm

104 3073 159 3126 τῶν
178 3074 295 3152 Φρυγῶν
319 3072 365 3132 καὶ
387 3076 443 3134 τῶν
468 3071 580 3143 λυδῶν,
602 3070 725 3131 ἀπίκετο
747 3062 966 3160 ὶςᾪῖιῖξῦξῇ

94 3154 190 3216 πόλιν·
213 3159 282 3221 ἔνθα
296 3164 401 3243 στήλη
417 3164 663 3244 καταπεπηγυῖα,
678 3154 838 3250 suffivit
852 3142 977 3238 &sm

676 3244 752 3304 'ww
780 3252 860 3292 τως
883 3229 1010 3287 qwo'ffi-

81 3243 231 3319 Κροίσου,
254 3253 449 3332 καταμηνύει
475 3253 529 3314 διὰ
553 3273 693 3335 γραμθῦ
