2024 3450
88 107 225 170 ιιι-ιιι]
405 110 558 156 omn.
733 153 735 156 ⁴
838 107 884 156 ιιι

85 186 174 260 κλέος,
203 191 252 246 τοῦ
275 185 491 263 Ἀριστοδήμου,
513 189 564 245 τοῦ
590 187 808 264 Ἀριστομάχου,
835 188 886 242 τοῦ

87 275 252 344 Κλεοδαίου,
278 278 329 334 τοῦ
349 273 468 343 Ὕλλου,
496 276 546 332 τοῦ
565 272 730 349 Ἡρακλέος·
765 271 817 332 ἐιδν
835 275 885 348 τῆς

87 364 179 441 ἑτέρης
199 364 285 439 οἰκίης
304 365 360 421 τῶν
381 360 537 436 βασιλέων.
578 357 655 419 οὗτοι
681 359 788 430 πάντες,
808 360 885 436 πλήν

85 456 139 511 τῶν
153 453 223 511 δυῶν
235 455 290 510 τῶν
301 447 373 526 μετά
385 448 556 527 Λευτυχίδεα
573 446 688 524 τρόπων
702 449 884 527 καταλεχθέν-
945 498 946 501 ,

84 565 147 610 των,
162 542 189 598 οἱ
203 537 295 610 ἄλλοι,
307 537 444 613 βασιλέες
457 536 584 616 ἐγένοντο
598 534 737 611 Σπάρτης·
757 534 885 610 Ἀθηναί-

86 653 122 685 ων
132 628 161 685 δέ
174 625 344 704 ἐστρατήγεε
353 622 516 686 Ξάνθιππος
529 622 546 683 6
557 621 734 698 Ἀρίφρονος.
775 621 823 684 Ὡς
836 622 865 680 δέ
875 624 932 682 132

86 714 270 793 παρεγένοντο
284 717 312 774 ἐς
323 711 375 786 τήν
388 712 504 792 Αἴγιναν
520 713 612 769 πᾶσαι
625 713 654 781 αἱ
669 713 740 785 νῆες,
754 708 885 768 άπίκοντο

86 800 184 859 Ἰάνων
197 798 314 880 άγγελοι
328 804 356 861 ἐς
368 797 400 858 τό
414 797 605 876 στρατόπεδον
617 800 672 857 τῶν
684 795 838 904 Ἑλλήνων·
859 796 886 855 οἳ

88 887 133 942 καὶ
153 891 181 949 ἐς
200 887 252 962 τήν
265 885 397 964 Σπάρτην
410 885 497 967 ὀλίγῳ
517 885 653 962 πρότερον
672 885 774 944 τούτων
790 884 884 944 ἀπικό-

87 999 173 1046 μενοι,
187 974 295 1034 ἐδέοντο
304 973 529 1051 Λακεδαιμονίων
539 972 745 1049 ἐλευθεροῦν
710 999 762 1059 την
770 972 884 1046 Ἰωνίην·

86 1064 141 1120 τῶν
154 1062 200 1120 καὶ
217 1061 404 1170 Ηρόδοτος
388 1089 404 1121 ο
423 1058 634 1138 Βασιληιδεω’
617 1082 661 1137 ην·
683 1088 710 1120 οι
729 1063 888 1121 στασιῶταί

86 1155 143 1224 σφι
168 1150 320 1232 γενόμενοι,
342 1145 530 1226 ἐπεβούλευον
556 1148 677 1210 θάνατον
702 1149 822 1227 Στράττι
847 1153 886 1227 τῷ

86 1237 157 1296 Χίου
177 1237 306 1318 τυράννῳ,
325 1237 415 1301 ἐόντες
434 1237 526 1316 ἀρχήν
547 1234 625 1297 ἐπτά·
657 1237 886 1312 ἐπιβουλεύοντες

87 1324 116 1383 δὲ
130 1325 165 1389 οἷς
178 1327 294 1431 φανεροὶ
307 1325 461 1435 ἐγένοντο,
453 1325 635 1394 ἐξενείκαντος
647 1322 699 1398 τήν
713 1325 886 1431 ἐπιχείρησιν
924 1403 926 1406 Ι
980 1371 984 1379 .

87 1412 147 1474 ἐνός
162 1416 218 1471 τῶν
234 1412 414 1501 μετεχόντων,
429 1437 499 1470 ουτω
516 1410 595 1485 δή
569 1437 596 1469 οι
614 1408 722 1478 λοιποὶ,
738 1410 816 1479 ἐξ’
787 1436 884 1520 ερντες,

87 1497 270 1576 υπεξέσχον’
258 1525 288 1557 εκ
301 1502 351 1574 τῆς
364 1497 444 1567 Χίου,
458 1497 505 1556 καὶ
518 1502 545 1559 ἐς
564 1495 696 1602 Σπάρτην
709 1522 739 1556 τε
752 1495 885 1558 α’πίκοντο

87 1610 134 1642 και
124 1584 186 1660 δή
205 1585 251 1644 καὶ
267 1584 360 1645 τότε’
347 1611 375 1648 ες
391 1583 443 1660 τήν
458 1585 593 1666 Αιγιναν,
597 1586 651 1643 τῶν
666 1583 810 1660 Ἐλλήνων
827 1586 885 1646 6⁶6-

86 1697 165 1747 μενοι
189 1675 410 1732 καταπλῶσαι’
398 1698 426 1735 ες
450 1672 502 1747 τήν
523 1670 701 1780 1ωνίην·οι
723 1672 886 1754 προήγαγον

87 1757 187 1822 αὐτοῦς
198 1760 281 1841 μόγις
297 1760 381 1840 μέχρι
394 1759 501 1836 Δήλου·
521 1757 555 1818 τό
572 1758 627 1839 γάρ
648 1761 814 1836 προσωτέρω
830 1764 887 1820 πᾶν

88 1846 214 1907 δεινόν’
196 1874 231 1924 ην
257 1851 333 1908 τοῖσι
354 1847 490 1955 Ελλησι,
510 1844 579 1914 οίντε
604 1848 660 1906 τῶν
675 1846 781 1932 χώρων
807 1853 885 1908 ἐοῦσι

88 1934 265 2012 ἐμπείροισι,
278 1961 413 2012 στρατιης
434 1961 466 1996 τε
486 1935 577 1995 πάντα
598 1926 677 1993 πλέα
695 1934 834 1995 ἐδόκεε’
807 1962 885 1995 ειναι·

87 2021 139 2097 τήν
152 2023 181 2081 δὲ
182 2022 318 2134 Σάμον’
305 2024 454 2084 επιστέατο
470 2022 537 2101 δόξη
551 2048 597 2081 και
587 2021 765 2098 Ἡρακλέας
778 2022 886 2099 στήλας

88 2110 152 2170 ἴσον
172 2111 296 2191 α’πέχειν·
317 2112 468 2172 συνέπιπτε
486 2111 515 2169 δε
533 2113 652 2178 τοιοῦτο,
661 2107 739 2168 ὥστε
754 2109 818 2173 τούς
835 2113 886 2187 μὲν

88 2198 311 2276 βαρβάρους
278 2224 311 2260 το
337 2198 408 2277 πρός
431 2198 551 2277 ἑσπέρης
572 2196 702 2283 ανωτέρω
729 2196 826 2274 Σάμου
845 2198 885 2275 μή

87 2290 197 2363 τολμᾶν
215 2291 408 2357 καταπλῶσαι,
420 2281 680 2365 καταρρωδηκότας·
700 2285 764 2371 τοιλς
780 2285 829 2344 δὲ’
829 2291 886 2344 Ελ-

89 2377 182 2448 ληνας,
209 2376 377 2455 χρηῖζάντων
403 2376 487 2447 Χίων,
514 2374 547 2436 τό
579 2373 649 2451 πρός
676 2371 719 2449 ήῶ
744 2375 887 2452 κατωτέρω

90 2459 250 2534 Δήλου·
219 2490 289 2523 ουτω
301 2463 407 2527 δέος
374 2490 407 2524 το
420 2463 509 2540 μέσον
523 2452 674 2537 ἐφύλασσέ
685 2467 791 2538 σφεων,

131 2551 214 2605 Οἱ
181 2575 232 2624 μεν
246 2551 300 2624 δή
300 2555 427 2626 Ελληνες
440 2554 573 2609 ἐπλωον’
561 2576 588 2612 ες
600 2549 652 2625 τήν
662 2553 769 2624 Δῆλον·
786 2552 934 2626 Mem-1³3

91 2625 179 2690 δάνιος
200 2629 229 2686 δὲ
247 2631 311 2707 περὶ
330 2631 382 2707 τήν
401 2631 566 2741 Θεσσαλίην
588 2630 722 2709 ἐχείμαζε.
765 2626 888 2692 ἐνθεῦτεν

45 2749 50 2758 -
91 2713 159 2772 δέ
143 2714 323 2793 ορμειόμενος,
345 2719 450 2795 ἔπεμπε
474 2717 545 2778 κατά
568 2717 604 2777 τά
623 2719 782 2797 χρηστήρια
802 2717 889 2796 ἄνδρα

90 2799 226 2881 Εὔρωπέα
247 2806 394 2886 γένος,τῷ
417 2804 524 2883 οὕνομα
545 2806 581 2881 ἦν
603 2810 675 2876 Μῦς,
700 2806 889 2884 ἐντειλάμενος

90 2916 229 3001 πανταχη
232 2918 282 2970 μιν
296 2893 474 3043 χρησόμενον
495 2892 642 2954 ἐλθεῖν
603 2919 658 2954 των
675 2893 721 2953 οἶά
735 2918 766 2953 τε
783 2893 817 2964 ἤν
833 2900 895 2991 σφα
