2024 3450
69 121 174 186 ιι-ιι]
388 100 543 174 omum.
820 123 868 174 ιιι

69 201 229 280 οἰκοδόμεον
248 201 293 262 διά
312 207 363 262 τοῦ
380 201 497 278 Ἰσθμοῦ
515 205 617 280 τεῖχος·
638 202 687 264 ἅτε
702 203 732 262 δὲ
749 202 869 262 ἐουσέων

68 290 219 367 μυριαδέων
245 290 375 349 πολλέων
400 289 446 346 καὶ
469 288 573 352 παντός
597 289 695 365 άνδρός
719 288 867 370 ἐργαζομέ-

68 401 126 446 νου,
141 374 221 452 ἤνετο
234 375 266 435 τό
281 377 370 457 ἔργον·
392 375 505 456 καὶγὰρ
520 377 604 447 λίθοι,
623 377 669 434 καὶ
681 377 802 447 πλίνθοι,
821 377 868 435 καὶ
943 425 944 429 ,

69 463 149 533 ξύλα,
163 466 209 523 καὶ
223 464 329 540 φορμοὶ
343 463 459 540 ψάμμου
473 462 593 540 πλήρεες
607 464 800 540 ε’σεφορέοντο·
823 463 868 522 καὶ

69 551 177 611 ἐλίνυον
198 550 295 610 οὐδένα
310 550 454 629 χρόνονοὶ
469 548 665 627 βοηθήσαντες
683 549 868 629 ἐργαζόμενοι,

70 638 131 697 οὔτε
144 638 240 701 νυκτός
253 637 316 697 οὔτε
329 637 443 715 ήμέρης.
486 641 522 696 Οἱ
536 637 565 696 δὲ
583 636 765 713 βωθήσαντες
779 641 806 699 ές
818 635 867 696 τάν
876 637 915 697 72

69 723 186 801 Ἰσθμόν
208 725 353 801 πανδημεὶ,
375 725 431 784 οἶδε
451 723 526 800 ἦσαν
548 723 702 800 Ἑλλήνων·
737 722 870 782 Λακεδαι-

69 811 164 886 μόνιοί
183 837 214 870 τε
241 814 287 871 καὶ
312 811 445 890 Ἀρκάδες
470 811 579 883 πάντες,
603 813 652 882 Ικαὶ
679 812 797 882 Ἠλεῖοι,
826 811 871 870 καὶ

72 899 224 975 Κορίνθιοι,
239 901 285 958 καὶ
303 900 454 971 Σικυώνιοι,
469 901 515 959 καὶ
529 899 710 978 Ἐπιδαύριοι,
725 900 771 958 καὶ
785 898 869 959 Φλιά-

44 1011 138 1054 ,σιοι,
170 987 215 1046 καὶ
245 988 409 1065 Τροιζήνιοι,
438 988 484 1048 καὶ
511 988 676 1066 Ἑρμιονέες.
719 984 796 1048 οὗτοι
818 989 871 1065 μὲν

71 1071 145 1148 ἦσαν
162 1078 189 1134 οἱ
205 1074 402 1152 βοηθήσαντες
420 1077 466 1136 καὶ
484 1075 735 1155 ὑπεραρρωδέοντες
752 1080 789 1155 τῇ
806 1075 870 1135 Ἑλ-

70 1161 135 1221 λάδι
143 1163 346 1244 κινδυνευούσῃ·
359 1169 436 1225 τοῖσι
444 1164 599 1225 δὲᾶλλοισι
608 1164 870 1239 Πελοποννησίοισι

72 1251 152 1326 ἔμελε
166 1251 251 1311 οὐδέν.
294 1251 440 1329 Ὀλύμπια
453 1252 483 1310 δὲ
497 1252 543 1310 καὶ
556 1251 680 1329 Κάρνεια
697 1248 870 1328 παροιχώκεε

71 1336 130 1413 ήδη.
175 1341 266 1398 Οἰκέει
293 1340 323 1398 δὲ
350 1339 402 1414 τὴν
432 1338 654 1413 Πελοπόννησον
685 1340 764 1397 ἔθνεα
792 1337 919 1399 ἕπτά·73

71 1424 175 1484 τούτων
185 1426 215 1483 δὲ
227 1425 263 1484 τά
276 1428 328 1501 μὲν
344 1425 401 1498 δύο,
417 1424 574 1503 αὐτόχθονα
591 1425 679 1498 ε’όνπα,
695 1424 766 1483 κατά
778 1424 872 1504 χώρην

75 1511 180 1586 ἵδρυται
192 1517 240 1571 νῦν
252 1511 305 1586 τήν
319 1513 365 1571 καὶ
378 1512 411 1571 τό
425 1511 515 1571 πάλαι
529 1512 625 1586 οἴκεον,
638 1512 769 1589 Ἀρκάδες
781 1538 812 1571 τε
826 1513 872 1572 καὶ

75 1597 233 1675 Κυνούριοι·
255 1599 283 1658 ἓν
302 1599 331 1657 δὲ
350 1600 434 1672 ἔθνος,
453 1598 486 1658 τά
504 1598 645 1678 Ἀχαϊκόν,
663 1605 693 1658 έκ
710 1603 762 1676 μὲν
781 1603 872 1658 Πελο-

74 1684 216 1761 ποννήσου
244 1684 293 1745 ούκ
320 1687 485 1765 ἐξεχώρησε,
513 1691 543 1745 ἐκ
565 1688 662 1763 μέντοι
684 1691 735 1762 τῆς
759 1690 872 1747 ἑωυτῶν·

75 1773 145 1831 οἰκέε
168 1773 199 1834 δὲ
221 1773 274 1850 τήν
294 1773 456 1851 άλλοτρίην.
497 1775 533 1835 τά
555 1775 584 1834 δὲ
608 1775 695 1835 λοιπά
720 1776 799 1835 ἔθνεα
817 1779 873 1836 τῶν
944 1845 946 1849 ,

75 1860 144 1920 ἑπτά
170 1861 316 1944 [τέσσερα]
348 1861 473 1937 έπήλυδά
503 1867 574 1922 ε’στι·
617 1864 734 1940 Δωριέες
760 1889 798 1937 τε,
828 1864 889 1941 καὶ,
929 1906 931 1911 -

74 1950 203 2025 Αἰτωλοὶ,
221 1950 268 2009 καὶ
285 1949 419 2028 Δρύοπες,
437 1951 484 2009 καὶ
504 1949 632 2027 Λήμνιοι
676 1952 803 2026 Δωριέων
822 1952 874 2026 μὲν

75 2040 184 2098 πολλαί
203 2065 235 2099 τε
259 2040 305 2098 καὶ
326 2038 436 2115 δόκιμοι
457 2036 549 2101 πόλις·
587 2040 720 2096 Αἰτωλῶν
741 2036 771 2095 δὲ
784 2035 875 2101 Ἦλις

74 2127 172 2204 μούνη·
194 2126 330 2205 Δρυόπων
348 2127 378 2186 δὲ
394 2125 528 2204 Ἑρμιόνη
546 2152 577 2186 τε
595 2125 642 2183 καὶ
656 2123 789 2200 Ἀσίνηή
805 2123 875 2201 πρός

76 2215 251 2295 Καρδαμύλῃ
268 2219 304 2294 τῇ
320 2218 475 2293 Λακωνικῇ·
497 2213 627 2290 Λημνίων
644 2213 673 2271 δὲ
692 2217 875 2290 Παρωρεῆται

75 2302 183 2368 πάντες.
215 2307 243 2364 οἱ
255 2304 286 2364 δὲ
300 2303 449 2381 Κυνούριοι
463 2301 629 2381 αὐτόχθονες
643 2299 733 2364 ε’όντες
746 2301 875 2361 δοκέουσι

75 2393 173 2465 μοῦνοι
194 2390 263 2451 εἶναι
278 2389 379 2455 Ἴωνες·
409 2390 626 2468 ἐκδεδωρίευνται
644 2387 673 2448 δὲ
689 2386 747 2448 Ὶύπό
764 2416 795 2449 τε
811 2389 875 2467 Ἀρ-

76 2477 156 2556 γείων
177 2477 327 2556 ἀρχόμενοι
348 2479 394 2537 καὶ
413 2483 463 2538 τοῦ
484 2477 595 2557 χρόνου,
619 2477 709 2540 ἐόντες
729 2476 877 2554 Ὀρνεῆται

54 2642 56 2646 ι
77 2563 123 2621 καὶ
136 2565 280 2641 περίοικοι.
306 2565 410 2626 τούτων
423 2565 460 2626 ὧν
471 2570 527 2626 τῶν
540 2565 610 2629 ἑπτά
624 2565 722 2624 ε’θνέων
735 2567 765 2623 αἱ
777 2563 876 2624 λοιποὶ

76 2651 167 2724 πόλις,
180 2651 271 2730 πάρεξ
282 2658 337 2713 τῶν
353 2653 496 2726 κατέλεξα,
514 2658 544 2712 ἐκ
559 2655 610 2712 τοῦ
629 2653 721 2729 μέσου
734 2653 874 2713 ε’κατέατο·

77 2740 144 2800 εἰδὲ
158 2741 307 2818 ἐλευθέρως
316 2741 408 2809 ἔξεστι
422 2744 515 2816 εἰπεῖν,
525 2745 555 2800 ε’κ
564 2744 614 2802 τοῦ
627 2741 718 2817 μέσου
728 2739 877 2818 κατήμενοι

64 2829 216 2906 ιε’μήδιζον.

118 2919 156 2976 Οἱ
168 2919 220 2995 μὲν
231 2915 264 2994 δή
273 2920 302 2977 έν
311 2921 350 2996 τῷ
361 2916 468 2995 Ἰσθμῷ
477 2915 591 2995 τοιούτῳ
602 2914 677 2994 πόνῳ
687 2914 874 2984 συνέστασαν,
884 2913 923 2974 74

78 3001 127 3062 ἅτε
143 3004 207 3083 περὶ
222 3008 273 3065 τοῦ
289 3004 393 3067 παντός
407 3004 461 3080 ήδη
482 3003 585 3079 δρόμον
605 3004 722 3070 θέοντες,
744 3000 791 3058 καὶ
809 3005 886 3073 τκῖχσι

78 3091 161 3161 νηυσὶ
179 3091 228 3151 ούκ
246 3093 405 3164 ἐλπίζοντες
424 3090 640 3170 ἐλλάμψεσθαι·
665 3087 746 3145 οἱδὶ
757 3089 789 3140 ἐυ
801 3083 912 3177 Σαδρ-

70 3181 132 3250 μῖνι
145 3173 221 3251 όμώς
236 3184 330 3241 ταῦτα
347 3180 569 3259 πυνθανόμενοι
586 3174 755 3254 άρρύδῑῡν,
777 3164 837 3222 ὦ*
862 3173 944 3210 ‘³³⁸⁹‘

63 3264 128 3342 W*
149 3266 245 3344 σφίσι
261 3264 392 3334 αὐτοῖσι
406 3271 619 3352 δειμαίνοντες
639 3261 681 3325 ὡς
701 3255 781 3331 πῆῗ·
798 3237 959 3320 &ww
