2024 3450
111 113 250 176 ιον-160]
442 116 627 164 nomm.
863 117 907 163 185

108 191 205 255 τοντός
216 219 247 253 τε
256 192 306 252 τόν
316 194 437 269 Δωριέος
445 197 495 252 τοὺ
508 192 723 270 Ἀναξανδρίδεω
732 193 804 271 πρός
810 193 907 274 Ἐγεσ-

107 280 191 342 τοίων
199 280 287 357 φόνον
297 281 497 358 ἐκπρήξασθαι,
504 280 695 345 ὑποτείνοντός
701 309 732 342 τε
741 283 777 343 τά
788 282 907 360 ἐμπόρια

107 371 331 445 συνελευθεροῦν,
345 369 392 428 ἀπ’
406 365 443 429 ὧν
458 368 524 445 ὑμῖν
538 369 661 449 μεγάλαι
678 369 796 446 ὑφελίαι
814 397 845 430 τε
862 373 907 429 καὶ

106 458 268 534 ἐπαυρέσιες
285 457 427 537 γεγόνασι,
445 455 508 516 οὑτε
526 461 593 533 ε’μεὺ
612 456 702 516 εἵνεκα
719 456 820 532 ἤλθετε
835 460 906 534 βοη-

105 543 241 619 θήσοντες
260 544 324 602 οὑτε
341 545 391 604 τόν
407 544 529 620 Δωριέος
545 543 634 620 φόνον
651 543 857 620 ἐκπρηξόμενοι,
872 544 907 604 τό

104 657 136 690 τε
149 632 208 691 κατ’
222 632 307 708 ὑμέας
319 631 385 690 τάδε
402 631 511 691 ἅπαντα
524 631 579 690 ὑπὸ
594 630 773 707 βαρβάροισι
786 631 905 707 νέμεται·

104 718 184 777 άλλά
201 719 230 777 εὑ
245 719 300 798 γάρ
316 718 384 794 ῆμῖν
400 719 446 777 καὶ
464 719 510 778 ἐπὶ
527 718 560 778 τό
579 718 691 794 άμεινον
707 718 837 793 κατέστη·
859 722 906 778 νῦν

105 806 135 864 δὲ
159 806 252 881 ἐπειδῆ
277 806 462 882 περιελήλυθε
484 805 501 865 ό
525 806 649 882 πόλεμος
672 807 718 865 καὶ
740 805 856 883 άπῖκται
880 811 907 870 ές

105 892 200 967 ὑμέας,
219 892 289 954 οὑτω
310 895 344 970 δή
364 896 489 958 Γέλωνος
508 898 627 972 μνῆστις
646 896 753 976 γέγονε.
795 894 905 971 άτιμίης

104 981 136 1038 δὲ
153 982 223 1058 πρὺς
239 981 329 1059 ὑμέων
347 983 470 1059 κυρήσας
488 982 537 1042 οὑκ
557 982 734 1060 ὁμοιώσομαι
753 982 818 1059 ὑμῖν
838 982 904 1041 ἀλλ’

103 1070 213 1146 ἐτοῖμός
227 1075 282 1147 εἶμι
294 1071 434 1147 βοηθέειν,
445 1069 635 1149 παρεχόμενος
647 1071 791 1146 διηκοσίας
803 1097 833 1130 τε
847 1097 903 1148 τρι-

102 1157 186 1233 ήρεας
203 1160 249 1217 καὶ
265 1159 426 1236 δισμυρίους
442 1158 568 1228 ὁπλίτας,
586 1159 632 1217 καὶ
650 1159 792 1237 δισχιλίην
809 1160 902 1228 ἵππον,

103 1246 149 1303 καὶ
162 1247 319 1325 δισχιλίους
333 1247 457 1316 τοξότας,
471 1247 517 1306 καὶ
534 1247 690 1325 δισχιλίους
704 1247 902 1322 σφενδονήτας,

103 1334 149 1391 καὶ
162 1335 316 1414 δισχιλίους
331 1335 519 1412 ἱπποδρόμους
532 1333 641 1413 ψιλοὺς·
662 1333 744 1394 σῖτόν
756 1361 787 1393 τε
805 1333 903 1412 άπάοη

101 1425 137 1498 τῆ
149 1421 294 1497 Ἑλλήνων
310 1427 431 1501 στρατιῇ
446 1422 502 1490 ἔστ’
516 1421 550 1482 ἂν
567 1422 817 1498 διαπολεμήσωμεν
836 1421 902 1480 ὑπο-

102 1507 216 1584 δέκομαι
225 1509 361 1585 παρέξειν·
376 1511 422 1568 ἐπὶ
432 1510 461 1569 δὲ
470 1510 547 1591 λόγῳ
555 1510 650 1587 τοιῷδε
660 1508 726 1568 τάδε
733 1505 900 1587 ὑπίσχομαι·

102 1595 145 1652 ἐπ’
156 1593 176 1673 ᾧ
186 1595 345 1675 στρατηγός
356 1623 386 1656 τε
400 1598 446 1656 καὶ
459 1597 570 1678 ῆγεμὺν
579 1601 633 1657 τῶν
645 1596 790 1672 Ἑλλήνων
800 1597 902 1672 ἔσομαι

102 1681 173 1757 πρός
185 1680 234 1741 τόν
246 1682 406 1759 βάρβαρον·
426 1683 468 1741 ἐπ’
479 1683 557 1764 άλλῳ
572 1686 602 1743 δὲ
615 1684 692 1765 λόγῳ
707 1683 762 1744 οὔτ’
773 1682 806 1744 ἂν
819 1683 901 1748 αὑτός

102 1768 213 1844 ἔλθοιμι
226 1767 282 1827 οὔτ’
292 1767 326 1828 ἂν
336 1768 442 1833 ἅλλους
455 1771 621 1848 πέμψαιμι.”
650 1776 745 1830 Ταῦτα
759 1771 882 1835 άκοὺσας
891 1775 947 1832 159

102 1853 165 1914 οὑτε
179 1855 316 1935 ήνέσχετο
333 1857 349 1915 ό
366 1858 491 1937 Σύαγρος
508 1859 568 1918 εἶπέ
583 1885 613 1918 τε
630 1861 704 1919 τάδε·
725 1859 770 1936 “ῆ
790 1887 820 1919 κε
837 1859 900 1942 μέγ’

100 1942 241 2019 οἱμόξειεν
273 1943 290 2002 ό
325 1945 487 2020 Πελοπίδης
520 1944 710 2025 Ἀγαμέμνων,
745 1947 900 2024 πυθόμενος

100 2030 277 2106 Σπαρτιήτας
290 2031 341 2107 τῆν
354 2031 505 2112 ήγεμονίην
518 2031 729 2108 ἀπαραιρῆσθαι
741 2034 795 2094 ὑπὺ
809 2036 900 2093 Γέλω·

99 2116 144 2180 νός
157 2145 188 2178 τε
201 2120 247 2177 καὶ
261 2120 466 2196 Συρηκουσίων·
484 2118 562 2178 άλλὺ
574 2119 674 2178 τούτου
687 2122 738 2195 μὲν
748 2125 798 2179 τοὺ
812 2121 900 2202 λόγου

96 2207 196 2282 μηκέτι
209 2209 348 2286 μνησθῇς,
362 2206 432 2270 ὅκως
447 2207 499 2283 τῆν
511 2206 661 2288 ἡγεμονίην
674 2234 718 2268 τοι
736 2209 899 2286 παραδάσο·

368 2296 490 2371 βούλεαι
503 2296 636 2373 βοηθέειν
648 2301 684 2375 τῆ
697 2296 824 2367 Ἑλλάδι,
839 2298 900 2358 ἴσθι
973 2308 975 2315 ’

96 2379 248 2457 ἀρξόμενος
261 2383 316 2444 ὑπό
329 2384 563 2462 Λακεδαιμονίων·
582 2388 609 2452 Ιει’
625 2384 648 2444 δ’
662 2384 717 2462 άρα
729 2385 769 2463 μή
784 2386 898 2449 δικαιοῖς

96 2466 244 2547 άρχεσθαι,
260 2471 297 2528 σὺ
311 2471 340 2529 δὲ
352 2471 392 2547 μῆ
406 2471 563 2548 βοηθέειν.”
597 2472 675 2549 Πρός
687 2478 775 2533 ταῦτα
794 2473 810 2533 ό
829 2476 877 2533 Γέ-
888 2477 946 2533 160

95 2559 162 2623 λων,
184 2561 243 2614 ἐπει
259 2557 277 2631 ῆ
297 2557 354 2634 ὥρα
373 2559 623 2637 ἀπεστραμμένους
642 2560 707 2623 τοὺς
726 2561 829 2641 λόγους
848 2566 898 2621 τοῦ

96 2639 234 2722 Συάγρου,
247 2642 297 2702 τόν
311 2646 472 2706 τελευταῖόν
487 2654 544 2723 σφι
559 2647 638 2707 τόνδε
657 2648 783 2724 ἐξέφαινε
800 2648 896 2729 λόγον·

95 2727 144 2786 “ὦ
158 2730 228 2799 ξεῖνε
246 2733 417 2808 Σπαρτιῆτα,
431 2732 536 2793 ὀνείδεα
552 2735 683 2796 κατιόντα
698 2734 833 2816 α’νθράπῳ
851 2743 896 2813 φι-

94 2816 153 2875 λέει
172 2819 319 2900 ἐπανάγειν
336 2820 387 2881 τὺν
406 2821 503 2899 θυμόν·
524 2822 563 2883 σὺ
579 2824 675 2902 μέντοι
692 2824 897 2902 ὑποδεξάμενος

94 2903 261 2983 ὑβρίσματα
274 2912 304 2967 ἐν
319 2912 357 2988 τῷ
372 2909 457 2990 λόγῳ,
474 2910 507 2970 οὑ
522 2937 558 2989 με
575 2914 688 2976 ἔπεισας
703 2912 854 2991 α’σχήμονα
868 2917 898 2971 ἐν

93 2995 129 3068 τῇ
143 2992 253 3074 α’μοιβῇ
266 2996 406 3077 γενέσθαι·
428 2998 495 3058 ὅκου
511 3000 541 3058 δὲ
556 2999 634 3076 ὑμεῖς
648 3000 718 3060 οὑτω
732 2999 897 3078 περιέχεσθε

93 3083 144 3152 τῆς
163 3081 321 3162 ῆγεμονίης,
335 3086 409 3149 οἰκός
431 3088 476 3145 καὶ
497 3091 546 3164 ἐμὲ
565 3093 678 3164 μᾶλλον
699 3087 789 3162 ὑμέων
808 3088 901 3159 mk(-

91 3167 204 3243 χεσθαι,
225 3176 361 3249 στρατιῆς
380 3199 411 3233 τε
433 3173 518 3237 ἐόντα
537 3173 776 3244 πολλαπλασίας
793 3167 934 3244 {mtxk'ffi

84 3254 132 3311 καὶ
146 3260 220 3330 νηεὺν
233 3260 313 3321 πολὺ
328 3263 475 3327 πλεόνων·
499 3264 567 3324 ἀλλ’
589 3263 657 3324 ἐπεί
676 3285 714 3320 τε
726 3257 800 3331 ὑμῖν
823 3245 962 3314 BQ&
