2024 3450
117 107 258 173 219-222]
422 108 606 156 IIOATMNIA.
871 106 917 153 211

116 187 165 247 οὐκ
192 188 339 250 ἐθέλοντας
366 185 636 255 συνδιακινδυνεύειν,
664 186 799 244 κελεῦσαί
826 188 918 258 σφεας

115 275 366 335 ἀπαλλάσσεσθαι·
396 273 468 352 αὐτῷ
490 272 519 331 δὲ
539 271 650 332 ἀπιέναι
670 272 702 331 οὐ
724 275 815 335 καλῶς
835 272 917 350 ἔχειν.

115 364 225 439 μένοντι
239 363 268 421 δέ
282 361 367 421 αὐτοῦ
378 360 458 422 κλέος
471 360 545 439 μέγα
556 360 689 427 ἐλείπετο,
702 367 747 416 καὶ
757 360 775 431 ή
787 358 919 436 Σπάρτης
973 431 975 438 Ι

116 449 274 526 εὐδαιμονίη
296 447 345 507 οάκ
367 448 539 522 ἐξηλείφετο·
564 447 696 523 ἐκέχρητο
717 446 771 524 γάρ
792 445 847 504 όπδ
868 450 918 521 τῆς

115 539 223 613 Πυθίης
246 541 322 595 τοῖσι
347 534 550 612 Σπαρτιήτησι,
572 534 756 612 χρεωμένοισι
779 533 843 609 περὶ
868 537 919 592 τοῦ

115 626 242 700 πολέμου
266 623 364 682 τούτου
388 621 486 680 αὐτίκα
507 620 566 680 κατ’
587 620 676 698 ἀρχάς
697 621 878 700 ἐγειρομένου,
900 618 918 695 ἢ

115 710 310 785 Λακεδαίμονα
320 706 478 767 ἀνάστατον
487 707 620 787 γενέσθαι
630 705 685 766 ἀπό
698 710 753 766 τῶν
762 704 919 782 βαρβάρων
985 764 987 769 ,

115 796 134 871 ἢ
146 797 196 856 τόν
208 795 337 872 βασιλέα
352 801 449 869 σφεων
463 793 644 854 ἀπολέεσθαι.
676 797 765 854 ταῦτα
778 794 810 854 δέ
820 801 877 870 σφι
890 797 920 854 ἐν

113 885 196 960 4ἐπεσι
210 883 386 959 ἑξαμέτροισι
399 883 500 961 ἔχοντα
512 885 577 962 χρᾷ,
592 882 713 963 λέγοντα
722 879 787 942 ὦδε·

145 1027 212 1085 ‘mv
231 1024 257 1084 δ’,
277 1024 297 1072 ιδ
313 1024 430 1087 Σπάρτης
447 1025 568 1086 οἰκήτορες
585 1024 728 1087 εὐρυχόροιο,

147 1096 163 1157 ἢ
179 1098 245 1159 μέγα
262 1099 324 1145 ἄστυ
337 1095 435 1158 ’ρικυδὲς
452 1097 492 1144 ὑπ’
509 1097 607 1158 ἀνδράσι
624 1097 771 1158 Περσεΐδῃσι
790 1153 793 1157 ,

148 1171 269 1231 πέρθεται·
288 1168 304 1228 ἢ
321 1170 350 1216 τδ
366 1170 409 1228 μέν
427 1170 489 1230 οὐχὶ,
510 1168 551 1230 ἀφ’
564 1171 713 1231 Ἡρακλέους
730 1171 756 1217 δέ
772 1169 890 1230 γενέθλης

148 1243 264 1300 πενθήσει
280 1243 374 1302 βασιλῆ
392 1242 503 1301 φθίμενον
520 1243 695 1299 Λακεδαίμονος
713 1240 794 1301 οὖρος·

148 1315 239 1374 οὐγὰρ
256 1314 298 1360 τδν
314 1314 407 1373 ταύρων
424 1313 514 1371 σχήσει
530 1314 599 1369 μένος
616 1314 670 1359 οὐδὲ
687 1313 791 1358 λεόντων

148 1385 265 1446 ἀντιβίην
284 1383 356 1442 Ζηνδς
372 1384 422 1444 γὰρ
440 1385 490 1442 ἔχει
506 1384 584 1439 μένος
603 1383 656 1429 οὐδέ
673 1383 685 1429 έ
702 1383 764 1442 φημὶ

148 1457 292 1516 σχήσεσθαι,
313 1455 368 1514 πρὶν
384 1453 453 1500 τῶνδ’
472 1455 552 1513 ἕτερον
569 1453 608 1499 διὰ
626 1453 706 1499 πάντα
723 1454 835 1511 δάσηται.

115 1585 203 1648 ταῦτά
216 1611 247 1646 τε
260 1585 294 1660 δή
309 1583 507 1663 ἐπιλεγόμενον
521 1583 667 1658 Λεωνίδην,
683 1584 728 1641 καὶ
741 1583 919 1660 βουλόμενον

117 1675 198 1736 κλέος
215 1671 386 1731 καταθέσθαι
406 1675 510 1746 μοῦνον
529 1671 731 1747 Σπαρτιητέων,
751 1669 916 1750 ἀποπέμψαι

116 1761 180 1824 τούς
208 1758 374 1837 συμμάχους
403 1762 524 1834 μᾶλλον,
556 1757 574 1834 ἢ
601 1756 698 1839 γνιόμη
730 1759 918 1838 διενεχθέντας

118 1847 187 1908 οὕτω
201 1847 331 1922 ἀκόσμως
348 1845 477 1924 οἴχεσθαι
493 1845 558 1910 τούς
572 1846 742 1925 οἰχομένους.
784 1846 897 1924 Μαρτό-
907 1849 963 1906 221

116 1962 176 2013 ριον
203 1935 234 1994 δέ
258 1960 307 2010 μοι
329 1933 375 1992 καὶ
396 1931 460 1994 τόδε
484 1932 532 1992 οὐκ
557 1933 710 2012 ἐλάχιστον
731 1934 831 1995 τούτου
854 1936 918 2011 πέρι

116 2025 222 2104 γέγονε·
244 2021 277 2081 οὗ
295 2020 351 2102 γάρ
371 2024 475 2099 μοῦνον
495 2020 560 2084 τοός
580 2020 685 2085 ἀλλους
705 2021 782 2080 ἀλλά
804 2023 850 2080 καὶ
869 2022 919 2081 τόν

116 2110 215 2187 μάντιν
231 2109 261 2173 δς
279 2111 370 2169 εἵπετο
390 2113 426 2187 τῇ
447 2114 566 2188 στρατιῇ
586 2107 681 2187 ταύτῃ,
697 2111 856 2189 Μεγιστίην
868 2109 918 2170 τόν

116 2197 272 2277 Ἀκαρνῆνα
286 2196 438 2278 λεγόμενον
453 2197 522 2255 εἶναι
535 2196 570 2255 τᾶ
584 2196 716 2257 ἀνέκαθεν
729 2196 786 2256 ἀπό
800 2194 918 2273 Μελάμ-

116 2287 208 2360 ποδος,
222 2289 322 2346 τοῦτον
336 2285 451 2344 εἴπαντα
466 2289 495 2343 ἐκ
509 2288 564 2344 τῶν
578 2288 643 2361 ἱρῶν
656 2283 691 2344 τά
705 2283 854 2360 μελλοντά,
863 2291 919 2361 σφι
961 2303 962 2306 ’

117 2376 255 2450 ἐκβαίνειν
280 2372 400 2453 φανερός
428 2377 489 2432 ἐστι
510 2373 647 2448 Λεωνίδης
671 2371 851 2449 ἀποπέμπων,
874 2373 919 2433 ἶνα

116 2461 155 2537 μή
178 2461 375 2536 συναπόληταί
393 2466 458 2536 σφι·
495 2459 510 2520 ό
531 2461 560 2520 δέ
581 2460 816 2537 ἀποπεμπόμενος
836 2460 920 2524 οὗτός

116 2551 168 2624 μὲν
189 2548 237 2608 οὐκ
257 2548 416 2622 ἀπελίπετο,
438 2548 487 2608 τόν
509 2548 538 2606 δέ
554 2549 640 2607 παῖδα
660 2548 919 2626 συστρατευόμενον

117 2634 197 2695 ἐόντα
211 2638 237 2694 οἱ
249 2636 418 2713 μουνογενέα
431 2633 586 2712 ἀπέπεμψε.

158 2726 195 2782 Οἱ
207 2723 259 2799 μέν
273 2748 321 2783 νυν
335 2720 481 2800 σύμμαχοι
496 2725 523 2781 οἱ
539 2722 770 2801 ἀποπεμπόμενοι
786 2722 897 2803 οἴχοντό
907 2725 966 2783 222

76 2816 80 2824 ’
116 2836 147 2871 τε
171 2809 306 2882 ἀπιόντες,
331 2809 376 2868 καὶ
404 2809 547 2869 ἐπείθοντο
571 2811 703 2890 Λεωνίδη
731 2813 865 2874 Θεσπιέες
889 2811 939 2871 δὲ

118 2924 163 2958 και
152 2899 306 2974 Θηβαῖοι
327 2897 488 2973 κατέμειναν
508 2901 607 2973 μοῦνοι
624 2923 701 2974 παρα
692 2897 922 2969 Λακεδαιμκςυί-

118 3011 185 3044 οισι·
202 2985 305 3045 τούτων
319 2983 349 3042 δε
362 2985 535 3061 Θηβαῖοι
503 3011 554 3063 μεν
569 2983 706 3046 ἀέκοντες
715 2985 838 3057 ἐμενῡνς
849 2999 902 3031 *m
914 2973 950 3024 (ᾗ

103 3071 291 3147 βουλόμενοι·
313 3077 430 3153 κατεῖχε
445 3075 504 3158 γάρ
521 3081 625 3152 σφεας
637 3069 811 3138 Λεωνίδης
803 3085 834 3118 εν
852 3052 1003 3175 Wwwg

93 3154 174 3234 λόγῳ
194 3164 380 3236 ποιεύμενος
403 3167 561 3230 Θεσπιέες
582 3165 653 3224 δε
644 3157 771 3221 εκόντες
798 3171 843 3220 W
820 3144 997 3200 ‘mm'
1003 3231 1007 3236 ι

82 3260 137 3296 Ου’(
157 3240 281 3316 ἔφασαν
303 3248 525 3320 ἀπολιπόντες
561 3247 732 3319 Λεωνίδην
761 3232 822 3295 *2⁰3²
848 3239 934 3281 ‘⁰¹³³
967 3223 995 3271 δ
