2024 3450
83 106 190 170 21-25]
395 108 580 155 IIOATMNIA.
832 106 879 154 133

81 189 140 260 μὲν,
156 185 297 245 κατώτατα
312 188 450 254 ἑστεῶτες,
466 185 602 260 ὤρυσσον·
624 186 714 263 ἕτεροι
728 185 757 244 δέ
770 184 879 261 παρεδί-

82 276 170 333 δοσαν
190 273 239 333 τόν
261 274 314 331 αἰεὶ
338 272 561 348 ἐξορυσσόμενον
584 276 653 351 χοῦν
677 272 795 333 ἄλλοισι
815 298 879 332 κατ-

82 361 184 439 ύπερθε
205 365 323 420 ἑστεῶσι
346 360 391 418 ἐπὶ
408 359 533 436 βάθρων·
555 362 581 418 οἱ
601 359 623 418 δ’
645 359 679 418 αῦ
698 359 878 437 ἐκδεκόμενοι,

82 452 210 526 ἑτέροισι,
233 449 281 512 ἕως
304 447 437 508 ἀπίκοντο
459 453 486 510 ἐς
507 446 571 508 τοῦς
594 445 730 505 α’νωτάτω·
752 446 828 506 οῦτοι
850 448 879 507 δέ

82 536 229 615 ἐξεφόρεόν
242 562 273 597 τε
287 537 333 595 καὶ
347 536 514 611 ἐξέβαλλον.
541 538 617 593 τοῖσι
629 534 681 610 μέν
694 559 741 592 νυν
755 533 879 605 ἄλλοισι,

81 625 158 701 πλήν
184 626 325 694 Φοινίκων,
352 622 604 703 καταρρηγνύμενοι
631 624 658 680 οί
685 622 802 698 κρημνοὶ
830 627 880 681 τοῦ

81 711 238 791 ὀρύγματος
257 711 343 770 πόνον
361 711 512 786 διπλήσιον
532 713 674 788 παρεῖχον·
696 707 744 768 άτε
757 707 811 790 γάρ
829 713 881 770 τοῦ

80 824 111 856 τε
125 797 180 856 ἅνω
194 798 335 874 στόματος
349 799 456 858 καὶτοῦ
471 798 543 857 κάτω
556 798 592 858 τά
605 796 674 857 αύτά
687 798 776 875 μέτρα
789 824 879 857 ποιευ-

81 886 178 961 μένων,
194 886 298 962 ἔμελλέ
309 893 365 964 σφι
377 891 488 946 τοιοῦτο
500 884 713 963 ἀποβήσεσθαι·
736 890 762 946 οἱ
776 887 805 946 δὲ
816 889 879 947 Φοί·

81 997 153 1035 νικες
163 976 270 1050 σοφίην
283 978 311 1034 ἔν
323 1002 354 1035 τε
366 980 442 1035 τοῖσι
454 973 572 1035 ἄλλοισι
585 976 693 1057 ἐργαισι
706 974 879 1038 α’ποδείκνυν-

80 1085 134 1131 ται,
149 1063 194 1121 καὶ
212 1063 245 1139 δή
264 1065 311 1123 καὶ
329 1069 391 1124 ἐν’
379 1064 478 1144 εκείνῳ·
499 1063 741 1144 ἀπολαχόντες
705 1091 759 1145 γαρ
780 1066 879 1143 μόριον

80 1145 155 1219 ὅσον7
169 1149 280 1211 αὐτοῖσι
296 1151 481 1229 ἐπέβαλλε,”
465 1179 589 1230 ορυσσον
601 1152 634 1213 τό
644 1156 699 1262 μὲν
713 1153 767 1213 ἅνω
783 1181 877 1263 στρμα

79 1239 129 1311 τῆς
141 1237 273 1319 διώρυχος
285 1245 425 1305 ποιεῦντες
439 1238 656 1315 διπλήσιονΜ
608 1267 626 1314 η
640 1266 710 1299 οσον
725 1241 826 1298 ἐδει’
792 1242 878 1314 αυτὴν

78 1324 130 1400 τήν
148 1326 268 1405 διώρυχα
285 1329 426 1408 γενέσθαι·
448 1329 651 1403 προβαίνοντος
670 1327 700 1384 δὲ
720 1331 769 1384 τοῦ
789 1329 877 1404 ἔργου,

79 1417 201 1492 συνῆγον
215 1415 276 1473 αῖεί·
298 1415 371 1474 κάτω
384 1440 414 1472 τε
428 1414 462 1489 δή
477 1415 590 1493 ἐγίνετο,
602 1415 646 1471 καὶ
662 1414 789 1481 ἐξισοῦτο
802 1416 878 1471 τοῖσι

79 1496 196 1557 άλλοισι
208 1500 241 1559 τό
256 1500 345 1579 ἔργον.
388 1501 504 1559 ἐνθαῦτα
519 1500 548 1556 δέ
562 1498 666 1573 λειμών
680 1503 750 1565 ἐστι,
765 1499 809 1556 ἵνα
822 1505 878 1574 σφι

80 1583 169 1661 άγορή
181 1610 212 1643 τε
226 1586 330 1664 ἐγίνετο
345 1586 391 1642 καὶ
400 1583 562 1660 πρητήριον·
577 1586 656 1645 σῖτος
667 1583 698 1641 δέ
707 1591 795 1658 σφισι
808 1590 877 1643 πολ-

80 1669 131 1732 λός
152 1672 251 1744 ἐφοίτα
272 1676 302 1729 ἐκ
323 1675 374 1746 τῆς
394 1670 493 1745 Ἀσίης
514 1669 716 1745 ἀληλεσμένος.
757 1670 805 1733 Ὡς
825 1675 925 1747 μέν24

81 1759 128 1833 ἐμὲ
145 1757 399 1834 συμβαλλεόμενον
416 1756 559 1832 εὑρίσκειν,
573 1758 828 1837 μεγαλοφροσύνης
841 1760 876 1818 εἴ·

80 1870 145 1902 νεκα
162 1844 229 1904 αύτό
244 1845 349 1921 Ξέρξης
363 1842 496 1922 ὀρύσσειν
510 1847 626 1917 ἐκέλευε,
641 1847 744 1908 ἐθέλων
757 1874 788 1907 τε
801 1847 877 1908 δύνα-

79 1957 128 2009 μιν
141 1931 356 1994 α’ποδείκνυσθαι
370 1933 416 1992 καὶ
428 1931 596 2010 μνημόσυνα
608 1935 753 1995 λιπέσθαι·
774 1937 880 2014 παρεόν
950 1966 954 1970 ·
978 1962 982 1967 ·

79 2019 133 2099 γάρ
153 2020 259 2098 μηδένα
279 2020 367 2082 πόνον
387 2021 531 2097 λαβόντας
553 2021 604 2082 τόν
625 2022 728 2099 ἰσθμόν
746 2022 796 2086 τάς
817 2026 879 2088 νέας

79 2107 223 2184 διειρύσαι,
244 2108 377 2187 ὀρύσσειν
399 2109 507 2169 ἐκέλευε
530 2109 651 2188 διώρυχα
673 2113 710 2188 τῇ
733 2109 878 2190 θαλάσση,

79 2194 158 2272 εὖρος
176 2196 211 2261 ὦς
230 2197 279 2258 δύο
300 2197 428 2276 τριήρεας
443 2198 540 2257 πλέειν
559 2197 630 2275 ὁμοῦ
649 2200 877 2277 ἐλαστρευμένας.

77 2287 154 2343 τοῖσι
167 2284 197 2344 δέ
211 2284 323 2345 αύτοῖσι
335 2286 469 2359 τούτοισι,
485 2287 565 2347 τοῖσί
577 2312 630 2364 περ
646 2288 693 2346 καὶ
709 2287 742 2349 τό
759 2286 878 2370 ὄρυγμα,

78 2374 285 2448 προσετέτακτο
304 2374 351 2433 καὶ
366 2373 417 2435 τόν
430 2374 577 2452 Στρυμόνα
593 2374 721 2453 ποταμόν
737 2376 884 2453 ζεύξαντας

78 2463 252 2539 γεφυρῶσαι.

119 2550 214 2607 Ταῦτα
225 2548 277 2623 μέν
290 2574 338 2608 νυν
352 2549 422 2608 οὕτω
433 2551 531 2609 ἐποίεε·
552 2552 778 2628 παρασκευάζετο
792 2553 822 2613 δέ
833 2554 879 2611 καὶ
887 2556 924 2612 25

10 2632 12 2637 ’
79 2632 156 2693 όπλα
178 2638 206 2697 ἐς
226 2634 277 2698 τάς
294 2635 419 2716 γεφύρας
435 2636 565 2715 βύβλινά
584 2665 615 2699 τε
638 2641 683 2699 καὶ
704 2642 878 2712 λευκολίνου,

79 2721 211 2792 ἐπιτάξας
233 2723 341 2793 Φοίνιξί
359 2749 390 2783 τε
412 2724 457 2783 καὶ
478 2727 659 2806 Αἰγυπτίοισι
680 2729 726 2787 καὶ
749 2731 879 2809 σιτίατῇ

79 2814 199 2890 στρατιῇ
221 2810 422 2888 καταβάλλειν,
443 2813 544 2891 ἵναμή
566 2815 691 2924 λιμήνειε
712 2815 732 2891 ἦ
749 2818 878 2895 στρατιή,

52 2948 56 2958 ,
78 2897 149 2972 μηδὲ
160 2925 197 2959 τα
188 2897 346 2980 ῦποζύγια
360 2900 531 3008 ἐλαρνόμενα
541 2902 635 2961 ἐπὶ
600 2928 652 2978 την
664 2902 832 2963 Ελλάδα·’
815 2931 878 2963 ανα·

79 2984 233 3062 πυθόμενος
250 2986 280 3045 δέ
299 2986 364 3053 τοῦς
376 2987 494 3069 χώρους,
508 2989 706 3098 καταβαλλειγ
719 2990 858 3046 mma
855 3011 907 3039 ww

75 3072 341 3182 ἐπιτηδειότατον”
314 3104 369 3157 ειη,
390 3077 489 3142 ἄλλον
513 3077 631 3158 άλλη
617 3075 795 3175 αηιυέοοταρ
814 3061 935 3156 ‘Qfflffi

64 3183 97 3216 τε
110 3185 158 3218 και
150 3160 404 3245 πορθμηιοισι
391 3198 427 3232 εκ
444 3175 504 3251 τῆς
513 3169 631 3245 λσὶης
643 3153 861 3252 ‘KQW‘WQ‘V
903 3157 960 3190 W

54 3243 88 3378 ‘131
107 3246 323 3383 ‹sstl‘laekgmw
347 3266 379 3329 ἐς
405 3262 536 3339 Αευκην
549 3254 679 3330 Ἀκτὴν
659 3231 909 3312 νκαλεομένψ
934 3216 996 3277 Ὄλς
