<?xml version="1.0" encoding="UTF-8"?>
<!DOCTYPE html PUBLIC "-//W3C//DTD XHTML 1.0 Transitional//EN"
    "http://www.w3.org/TR/xhtml1/DTD/xhtml1-transitional.dtd">
<html xmlns="http://www.w3.org/1999/xhtml" xml:lang="en" lang="en">
 <head>
  <title>
</title>
<meta http-equiv="Content-Type" content="text/html;charset=utf-8" />
  <meta name='ocr-system' content='tesseract 3.04.00' />
  <meta name='ocr-capabilities' content='ocr_page ocr_carea ocr_par ocr_line ocrx_word'/>
</head>
<body>
  <div class='ocr_page' id='page_1' title='image "./recensuitjoseph01herogoog/recensuitjoseph01herogoog_0046.png"; bbox 0 0 2024 3450; ppageno 0'>
   <div class='ocr_carea' id='block_1_1' title="bbox 51 109 960 3346">
    <p class='ocr_par' dir='ltr' id='par_1_1' title="bbox 80 109 927 880">
     <span class='ocr_line' id='line_1_1' title="bbox 81 109 887 170; baseline 0 -11"><span class='ocrx_word' id='word_1_1' title='bbox 81 109 194 170; x_wconf 82' lang='grc' dir='ltr'>ιτ-ω]</span> <span class='ocrx_word' id='word_1_2' title='bbox 393 110 599 160; x_wconf 70' lang='grc' dir='ltr'>τιταικουα.</span> <span class='ocrx_word' id='word_1_3' title='bbox 856 112 887 159; x_wconf 74' lang='grc' dir='ltr'>ιι</span> 
     </span>
     <span class='ocr_line' id='line_1_2' title="bbox 80 185 897 269; baseline 0.004 -24"><span class='ocrx_word' id='word_1_4' title='bbox 80 191 194 264; x_wconf 85' lang='grc' dir='ltr'>μοῦνον,</span> <span class='ocrx_word' id='word_1_5' title='bbox 208 185 287 246; x_wconf 79' lang='grc' dir='ltr'>α’λλᾶ</span> <span class='ocrx_word' id='word_1_6' title='bbox 299 191 438 266; x_wconf 76' lang='grc' dir='ltr'>πανταχῇ,</span> <span class='ocrx_word' id='word_1_7' title='bbox 457 187 476 263; x_wconf 79' lang='grc' dir='ltr'><em>ἦ</em></span> <span class='ocrx_word' id='word_1_8' title='bbox 497 189 629 269; x_wconf 83' lang='grc' dir='ltr'>ἰσηγορίη</span> <span class='ocrx_word' id='word_1_9' title='bbox 646 189 682 252; x_wconf 78' lang='grc' dir='ltr'>ὥς</span> <span class='ocrx_word' id='word_1_10' title='bbox 701 189 763 250; x_wconf 83' lang='grc' dir='ltr'>ἐστι</span> <span class='ocrx_word' id='word_1_11' title='bbox 784 194 897 268; x_wconf 50' lang='grc' dir='ltr'>χρῆμα,</span> 
     </span>
     <span class='ocr_line' id='line_1_3' title="bbox 81 275 880 354; baseline 0.004 -20"><span class='ocrx_word' id='word_1_12' title='bbox 81 275 245 335; x_wconf 85' lang='grc' dir='ltr'>σπουδαῖον·</span> <span class='ocrx_word' id='word_1_13' title='bbox 268 279 291 334; x_wconf 92' lang='grc' dir='ltr'>εἰ</span> <span class='ocrx_word' id='word_1_14' title='bbox 304 276 351 335; x_wconf 83' lang='grc' dir='ltr'>καί</span> <span class='ocrx_word' id='word_1_15' title='bbox 363 275 508 347; x_wconf 85' lang='grc' dir='ltr'>Ἀθηναῖοι</span> <span class='ocrx_word' id='word_1_16' title='bbox 525 276 752 354; x_wconf 80' lang='grc' dir='ltr'>τυραννευόμενοι</span> <span class='ocrx_word' id='word_1_17' title='bbox 767 279 819 353; x_wconf 81' lang='grc' dir='ltr'>μὲν</span> <span class='ocrx_word' id='word_1_18' title='bbox 837 279 880 337; x_wconf 83' lang='grc' dir='ltr'>οό·</span> 
     </span>
     <span class='ocr_line' id='line_1_4' title="bbox 81 362 883 439; baseline 0.006 -19"><span class='ocrx_word' id='word_1_19' title='bbox 81 362 175 437; x_wconf 82' lang='grc' dir='ltr'>δαμῶν</span> <span class='ocrx_word' id='word_1_20' title='bbox 197 367 252 423; x_wconf 86' lang='grc' dir='ltr'>τῶν</span> <span class='ocrx_word' id='word_1_21' title='bbox 274 365 366 439; x_wconf 91' lang='grc' dir='ltr'>σφέας</span> <span class='ocrx_word' id='word_1_22' title='bbox 387 363 596 438; x_wconf 82' lang='grc' dir='ltr'>περιοικεόντων</span> <span class='ocrx_word' id='word_1_23' title='bbox 613 362 689 439; x_wconf 81' lang='grc' dir='ltr'>ἦσαν</span> <span class='ocrx_word' id='word_1_24' title='bbox 708 365 744 423; x_wconf 83' lang='grc' dir='ltr'>τοὶ</span> <span class='ocrx_word' id='word_1_25' title='bbox 760 366 883 439; x_wconf 88' lang='grc' dir='ltr'>πολέμια</span> 
     </span>
     <span class='ocr_line' id='line_1_5' title="bbox 81 450 927 531; baseline 0.008 -24"><span class='ocrx_word' id='word_1_26' title='bbox 81 450 217 524; x_wconf 77' lang='grc' dir='ltr'>ἀμείνους,</span> <span class='ocrx_word' id='word_1_27' title='bbox 232 451 463 531; x_wconf 88' lang='grc' dir='ltr'>α’παλλαχθέντες</span> <span class='ocrx_word' id='word_1_28' title='bbox 476 451 506 510; x_wconf 82' lang='grc' dir='ltr'>δὲ</span> <span class='ocrx_word' id='word_1_29' title='bbox 518 450 656 528; x_wconf 75' lang='grc' dir='ltr'>τυράννων</span> <span class='ocrx_word' id='word_1_30' title='bbox 668 455 765 530; x_wconf 69' lang='grc' dir='ltr'>μακρῷ</span> <span class='ocrx_word' id='word_1_31' title='bbox 777 457 883 529; x_wconf 80' lang='grc' dir='ltr'>πρῶτοι</span> <span class='ocrx_word' id='word_1_32' title='bbox 926 461 927 464; x_wconf 66' lang='grc'>’</span> 
     </span>
     <span class='ocr_line' id='line_1_6' title="bbox 82 537 882 618; baseline 0.009 -24"><span class='ocrx_word' id='word_1_33' title='bbox 82 539 219 617; x_wconf 89' lang='grc' dir='ltr'>ἐγένοντο.</span> <span class='ocrx_word' id='word_1_34' title='bbox 261 538 344 615; x_wconf 83' lang='grc' dir='ltr'>δηλοῖ</span> <span class='ocrx_word' id='word_1_35' title='bbox 371 538 408 599; x_wconf 82' lang='grc' dir='ltr'>ὧν</span> <span class='ocrx_word' id='word_1_36' title='bbox 433 543 530 608; x_wconf 82' lang='grc' dir='ltr'>ταῦτα,</span> <span class='ocrx_word' id='word_1_37' title='bbox 559 537 602 598; x_wconf 85' lang='grc' dir='ltr'>ότι</span> <span class='ocrx_word' id='word_1_38' title='bbox 629 539 809 618; x_wconf 85' lang='grc' dir='ltr'>κατεχόμενοι</span> <span class='ocrx_word' id='word_1_39' title='bbox 830 543 882 617; x_wconf 76' lang='grc' dir='ltr'>μὲν</span> 
     </span>
     <span class='ocr_line' id='line_1_7' title="bbox 82 626 884 708; baseline 0.007 -26"><span class='ocrx_word' id='word_1_40' title='bbox 82 626 265 686; x_wconf 81' lang='grc' dir='ltr'>ἐθελοκάκεον</span> <span class='ocrx_word' id='word_1_41' title='bbox 284 626 319 689; x_wconf 80' lang='grc' dir='ltr'>ὦς</span> <span class='ocrx_word' id='word_1_42' title='bbox 338 626 463 704; x_wconf 79' lang='grc' dir='ltr'>δεσπότῃ</span> <span class='ocrx_word' id='word_1_43' title='bbox 478 626 665 708; x_wconf 82' lang='grc' dir='ltr'>ἐργαζόμενοι,</span> <span class='ocrx_word' id='word_1_44' title='bbox 691 627 884 704; x_wconf 87' lang='grc' dir='ltr'>ἐλευθερωθέν-</span> 
     </span>
     <span class='ocr_line' id='line_1_8' title="bbox 81 712 883 795; baseline 0.005 -25"><span class='ocrx_word' id='word_1_45' title='bbox 81 738 136 770; x_wconf 88' lang='grc' dir='ltr'>των</span> <span class='ocrx_word' id='word_1_46' title='bbox 154 713 184 772; x_wconf 81' lang='grc' dir='ltr'>δέ</span> <span class='ocrx_word' id='word_1_47' title='bbox 203 712 285 776; x_wconf 75' lang='grc' dir='ltr'>αὐτός</span> <span class='ocrx_word' id='word_1_48' title='bbox 299 713 417 778; x_wconf 76' lang='grc' dir='ltr'>ἕκαστος</span> <span class='ocrx_word' id='word_1_49' title='bbox 431 718 519 793; x_wconf 73' lang='grc' dir='ltr'>ἐαυτῷ</span> <span class='ocrx_word' id='word_1_50' title='bbox 532 715 706 794; x_wconf 86' lang='grc' dir='ltr'>προθυμέετο</span> <span class='ocrx_word' id='word_1_51' title='bbox 722 714 883 795; x_wconf 75' lang='grc' dir='ltr'>κατεργάζε-</span> 
     </span>
     <span class='ocr_line' id='line_1_9' title="bbox 84 798 702 880; baseline 0.006 -23"><span class='ocrx_word' id='word_1_52' title='bbox 84 799 159 859; x_wconf 88' lang='grc' dir='ltr'>σθαι.</span> <span class='ocrx_word' id='word_1_53' title='bbox 204 798 294 860; x_wconf 78' lang='grc' dir='ltr'>οὗτοι·</span> <span class='ocrx_word' id='word_1_54' title='bbox 300 801 352 877; x_wconf 91' lang='grc' dir='ltr'>μέν</span> <span class='ocrx_word' id='word_1_55' title='bbox 372 828 421 862; x_wconf 90' lang='grc' dir='ltr'>νυν</span> <span class='ocrx_word' id='word_1_56' title='bbox 439 807 528 863; x_wconf 83' lang='grc' dir='ltr'>ταῦτα</span> <span class='ocrx_word' id='word_1_57' title='bbox 548 804 702 880; x_wconf 82' lang='grc' dir='ltr'>ἔπρησσον.</span> 
     </span>
    </p>

    <p class='ocr_par' dir='ltr' id='par_1_2' title="bbox 79 888 929 1224">
     <span class='ocr_line' id='line_1_10' title="bbox 124 888 929 968; baseline 0.01 -23"><span class='ocrx_word' id='word_1_58' title='bbox 124 889 249 963; x_wconf 84' lang='grc' dir='ltr'>Θηβαῖοι</span> <span class='ocrx_word' id='word_1_59' title='bbox 267 888 297 947; x_wconf 85' lang='grc' dir='ltr'>δὲ</span> <span class='ocrx_word' id='word_1_60' title='bbox 314 890 385 966; x_wconf 80' lang='grc' dir='ltr'>μετιί</span> <span class='ocrx_word' id='word_1_61' title='bbox 401 895 489 951; x_wconf 80' lang='grc' dir='ltr'>ταῦτα</span> <span class='ocrx_word' id='word_1_62' title='bbox 507 895 535 955; x_wconf 89' lang='grc' dir='ltr'>ἐς</span> <span class='ocrx_word' id='word_1_63' title='bbox 552 892 616 952; x_wconf 82' lang='grc' dir='ltr'>θεόν</span> <span class='ocrx_word' id='word_1_64' title='bbox 629 893 761 968; x_wconf 80' lang='grc' dir='ltr'>ἔπεμπον,</span> <span class='ocrx_word' id='word_1_65' title='bbox 775 890 880 967; x_wconf 89' lang='grc' dir='ltr'>βουλό-</span> <span class='ocrx_word' id='word_1_66' title='bbox 892 892 929 953; x_wconf 80' lang='grc'>79</span> 
     </span>
     <span class='ocr_line' id='line_1_11' title="bbox 80 976 881 1056; baseline 0.009 -23"><span class='ocrx_word' id='word_1_67' title='bbox 80 1000 160 1050; x_wconf 88' lang='grc' dir='ltr'>μενοι</span> <span class='ocrx_word' id='word_1_68' title='bbox 174 977 310 1036; x_wconf 85' lang='grc' dir='ltr'>τίσασθαι</span> <span class='ocrx_word' id='word_1_69' title='bbox 323 976 496 1055; x_wconf 84' lang='grc' dir='ltr'>Ἀθηναίους.</span> <span class='ocrx_word' id='word_1_70' title='bbox 527 978 546 1054; x_wconf 82' lang='grc' dir='ltr'><em>ἦ</em></span> <span class='ocrx_word' id='word_1_71' title='bbox 560 979 589 1037; x_wconf 85' lang='grc' dir='ltr'>δὲ</span> <span class='ocrx_word' id='word_1_72' title='bbox 604 980 698 1056; x_wconf 85' lang='grc' dir='ltr'>Πυθίη</span> <span class='ocrx_word' id='word_1_73' title='bbox 713 978 769 1040; x_wconf 84' lang='grc' dir='ltr'>οἷπό</span> <span class='ocrx_word' id='word_1_74' title='bbox 784 980 881 1056; x_wconf 90' lang='grc' dir='ltr'>σφέων</span> 
     </span>
     <span class='ocr_line' id='line_1_12' title="bbox 79 1063 889 1142; baseline 0.006 -21"><span class='ocrx_word' id='word_1_75' title='bbox 79 1063 132 1140; x_wconf 81' lang='grc' dir='ltr'>μὲν</span> <span class='ocrx_word' id='word_1_76' title='bbox 146 1063 236 1124; x_wconf 76' lang='grc' dir='ltr'>αὐτῶν</span> <span class='ocrx_word' id='word_1_77' title='bbox 249 1064 299 1124; x_wconf 78' lang='grc' dir='ltr'>οὐκ</span> <span class='ocrx_word' id='word_1_78' title='bbox 310 1066 364 1142; x_wconf 83' lang='grc' dir='ltr'>ἔφη</span> <span class='ocrx_word' id='word_1_79' title='bbox 373 1066 485 1127; x_wconf 75' lang='grc' dir='ltr'>αὐτοῖσι</span> <span class='ocrx_word' id='word_1_80' title='bbox 496 1067 566 1127; x_wconf 86' lang='grc' dir='ltr'>εἰναι</span> <span class='ocrx_word' id='word_1_81' title='bbox 578 1069 662 1137; x_wconf 91' lang='grc' dir='ltr'>τίσιν,</span> <span class='ocrx_word' id='word_1_82' title='bbox 673 1073 699 1131; x_wconf 86' lang='grc' dir='ltr'>ἐς</span> <span class='ocrx_word' id='word_1_83' title='bbox 713 1073 889 1127; x_wconf 83' lang='grc' dir='ltr'><strong>ΠΟΛΥΦΗ-</strong></span> 
     </span>
     <span class='ocr_line' id='line_1_13' title="bbox 80 1152 881 1224; baseline 0.006 -15"><span class='ocrx_word' id='word_1_84' title='bbox 80 1156 170 1210; x_wconf 91' lang='grc' dir='ltr'>ΜΟΝ</span> <span class='ocrx_word' id='word_1_85' title='bbox 198 1152 228 1212; x_wconf 81' lang='grc' dir='ltr'>δὲ</span> <span class='ocrx_word' id='word_1_86' title='bbox 255 1153 440 1224; x_wconf 79' lang='grc' dir='ltr'>ἐξενείκαντας</span> <span class='ocrx_word' id='word_1_87' title='bbox 466 1157 575 1214; x_wconf 90' lang='grc' dir='ltr'>ἐκέλευε</span> <span class='ocrx_word' id='word_1_88' title='bbox 601 1161 680 1214; x_wconf 88' lang='grc' dir='ltr'>ΤΩΝ</span> <span class='ocrx_word' id='word_1_89' title='bbox 706 1155 881 1219; x_wconf 80' lang='grc' dir='ltr'>ἈΓΧΙΣΤΑ</span> 
     </span>
    </p>

    <p class='ocr_par' dir='ltr' id='par_1_3' title="bbox 51 1242 956 3258">
     <span class='ocr_line' id='line_1_14' title="bbox 51 1242 880 1322; baseline 0.005 -24"><span class='ocrx_word' id='word_1_90' title='bbox 51 1312 56 1321; x_wconf 30' lang='grc' dir='ltr'>ι</span> <span class='ocrx_word' id='word_1_91' title='bbox 81 1242 259 1306; x_wconf 78' lang='grc' dir='ltr'>ΔΕΕΣΘΑΙ.</span> <span class='ocrx_word' id='word_1_92' title='bbox 301 1243 480 1304; x_wconf 78' lang='grc' dir='ltr'>ἀπελθόντων</span> <span class='ocrx_word' id='word_1_93' title='bbox 500 1242 537 1303; x_wconf 75' lang='grc' dir='ltr'>ὧν</span> <span class='ocrx_word' id='word_1_94' title='bbox 557 1247 611 1304; x_wconf 80' lang='grc' dir='ltr'>τῶν</span> <span class='ocrx_word' id='word_1_95' title='bbox 633 1244 804 1322; x_wconf 86' lang='grc' dir='ltr'>θεοπρόπων,</span> <span class='ocrx_word' id='word_1_96' title='bbox 825 1243 880 1312; x_wconf 84' lang='grc' dir='ltr'>ἐξέ-</span> 
     </span>
     <span class='ocr_line' id='line_1_15' title="bbox 82 1330 881 1408; baseline 0.003 -22"><span class='ocrx_word' id='word_1_97' title='bbox 82 1334 170 1405; x_wconf 89' lang='grc' dir='ltr'>φερον</span> <span class='ocrx_word' id='word_1_98' title='bbox 187 1330 221 1390; x_wconf 84' lang='grc' dir='ltr'>τό</span> <span class='ocrx_word' id='word_1_99' title='bbox 239 1331 412 1408; x_wconf 73' lang='grc' dir='ltr'>χρηστήριον</span> <span class='ocrx_word' id='word_1_100' title='bbox 431 1330 515 1406; x_wconf 71' lang='grc' dir='ltr'>α’λίην</span> <span class='ocrx_word' id='word_1_101' title='bbox 532 1331 728 1407; x_wconf 87' lang='grc' dir='ltr'>ποιησόμενοι·</span> <span class='ocrx_word' id='word_1_102' title='bbox 751 1330 786 1393; x_wconf 80' lang='grc' dir='ltr'>ὦς</span> <span class='ocrx_word' id='word_1_103' title='bbox 804 1336 881 1389; x_wconf 89' lang='grc' dir='ltr'>ἐπυν-</span> 
     </span>
     <span class='ocr_line' id='line_1_16' title="bbox 81 1416 881 1497; baseline -0.001 -22"><span class='ocrx_word' id='word_1_104' title='bbox 81 1416 198 1476; x_wconf 89' lang='grc' dir='ltr'>θαίνοντο</span> <span class='ocrx_word' id='word_1_105' title='bbox 212 1416 241 1475; x_wconf 81' lang='grc' dir='ltr'>δέ</span> <span class='ocrx_word' id='word_1_106' title='bbox 255 1417 394 1497; x_wconf 90' lang='grc' dir='ltr'>λεγόντων</span> <span class='ocrx_word' id='word_1_107' title='bbox 413 1417 502 1477; x_wconf 76' lang='grc' dir='ltr'>αὐτῶν</span> <span class='ocrx_word' id='word_1_108' title='bbox 523 1424 602 1476; x_wconf 83' lang='grc' dir='ltr'>ΤΩΝ</span> <span class='ocrx_word' id='word_1_109' title='bbox 620 1417 795 1481; x_wconf 81' lang='grc' dir='ltr'>ἈΓΧΙΣΤΑ</span> <span class='ocrx_word' id='word_1_110' title='bbox 818 1424 881 1475; x_wconf 85' lang='grc' dir='ltr'>ΔΕ-</span> 
     </span>
     <span class='ocr_line' id='line_1_17' title="bbox 81 1502 881 1578; baseline 0.004 -19"><span class='ocrx_word' id='word_1_111' title='bbox 81 1504 206 1571; x_wconf 78' lang='grc' dir='ltr'>ΕΣΘΑΙ,</span> <span class='ocrx_word' id='word_1_112' title='bbox 222 1503 302 1562; x_wconf 85' lang='grc' dir='ltr'>εἰπαν</span> <span class='ocrx_word' id='word_1_113' title='bbox 316 1507 342 1562; x_wconf 83' lang='grc' dir='ltr'>οἱ</span> <span class='ocrx_word' id='word_1_114' title='bbox 353 1506 477 1578; x_wconf 81' lang='grc' dir='ltr'>Θηβαῖοι</span> <span class='ocrx_word' id='word_1_115' title='bbox 490 1502 660 1566; x_wconf 73' lang='grc' dir='ltr'>ἀκούσαντες</span> <span class='ocrx_word' id='word_1_116' title='bbox 671 1504 785 1563; x_wconf 78' lang='grc' dir='ltr'>τούτων·</span> <span class='ocrx_word' id='word_1_117' title='bbox 806 1514 824 1538; x_wconf 89' lang='grc'><strong>“</strong></span> <span class='ocrx_word' id='word_1_118' title='bbox 833 1503 881 1562; x_wconf 78' lang='grc' dir='ltr'>οὐκ</span> 
     </span>
     <span class='ocr_line' id='line_1_18' title="bbox 82 1587 880 1669; baseline 0.005 -23"><span class='ocrx_word' id='word_1_119' title='bbox 82 1587 119 1647; x_wconf 78' lang='grc' dir='ltr'>ὦν</span> <span class='ocrx_word' id='word_1_120' title='bbox 139 1588 264 1668; x_wconf 78' lang='grc' dir='ltr'>ἄγχιστα</span> <span class='ocrx_word' id='word_1_121' title='bbox 283 1589 375 1665; x_wconf 77' lang='grc' dir='ltr'>ἡμέων</span> <span class='ocrx_word' id='word_1_122' title='bbox 396 1590 520 1648; x_wconf 86' lang='grc' dir='ltr'>οἰκέουσι</span> <span class='ocrx_word' id='word_1_123' title='bbox 533 1591 705 1669; x_wconf 87' lang='grc' dir='ltr'>Ταναγραῖοί</span> <span class='ocrx_word' id='word_1_124' title='bbox 718 1616 749 1650; x_wconf 91' lang='grc' dir='ltr'>τε</span> <span class='ocrx_word' id='word_1_125' title='bbox 764 1591 809 1648; x_wconf 86' lang='grc' dir='ltr'>καί</span> <span class='ocrx_word' id='word_1_126' title='bbox 824 1597 880 1650; x_wconf 91' lang='grc' dir='ltr'>Κο-</span> 
     </span>
     <span class='ocr_line' id='line_1_19' title="bbox 81 1672 882 1757; baseline 0.005 -25"><span class='ocrx_word' id='word_1_127' title='bbox 81 1679 194 1751; x_wconf 85' lang='grc' dir='ltr'>ρωναῖοι</span> <span class='ocrx_word' id='word_1_128' title='bbox 216 1676 261 1733; x_wconf 83' lang='grc' dir='ltr'>καὶ</span> <span class='ocrx_word' id='word_1_129' title='bbox 283 1679 426 1744; x_wconf 83' lang='grc' dir='ltr'>Θεσπιέες,</span> <span class='ocrx_word' id='word_1_130' title='bbox 444 1677 490 1734; x_wconf 88' lang='grc' dir='ltr'>καὶ</span> <span class='ocrx_word' id='word_1_131' title='bbox 512 1675 592 1736; x_wconf 82' lang='grc' dir='ltr'>οὗτοί</span> <span class='ocrx_word' id='word_1_132' title='bbox 609 1702 643 1757; x_wconf 91' lang='grc' dir='ltr'>γε</span> <span class='ocrx_word' id='word_1_133' title='bbox 664 1676 723 1753; x_wconf 79' lang='grc' dir='ltr'>ἅμα</span> <span class='ocrx_word' id='word_1_134' title='bbox 743 1672 811 1754; x_wconf 71' lang='grc' dir='ltr'>ἡμῖν</span> <span class='ocrx_word' id='word_1_135' title='bbox 830 1680 882 1736; x_wconf 84' lang='grc' dir='ltr'>αἰεὶ</span> 
     </span>
     <span class='ocr_line' id='line_1_20' title="bbox 80 1762 880 1842; baseline 0.009 -22"><span class='ocrx_word' id='word_1_136' title='bbox 80 1762 246 1840; x_wconf 90' lang='grc' dir='ltr'>μαχόμενοι,</span> <span class='ocrx_word' id='word_1_137' title='bbox 265 1763 414 1840; x_wconf 73' lang='grc' dir='ltr'>προθύμως</span> <span class='ocrx_word' id='word_1_138' title='bbox 435 1764 656 1841; x_wconf 80' lang='grc' dir='ltr'>συνδιαφέρουσι</span> <span class='ocrx_word' id='word_1_139' title='bbox 674 1765 724 1826; x_wconf 85' lang='grc' dir='ltr'>τόν</span> <span class='ocrx_word' id='word_1_140' title='bbox 739 1766 867 1842; x_wconf 85' lang='grc' dir='ltr'>πόλεμον</span> <span class='ocrx_word' id='word_1_141' title='bbox 873 1793 880 1836; x_wconf 90' lang='grc'><strong>;</strong></span> 
     </span>
     <span class='ocr_line' id='line_1_21' title="bbox 81 1849 880 1932; baseline 0.006 -24"><span class='ocrx_word' id='word_1_142' title='bbox 81 1850 113 1909; x_wconf 91' lang='grc' dir='ltr'>τί</span> <span class='ocrx_word' id='word_1_143' title='bbox 123 1849 166 1908; x_wconf 81' lang='grc' dir='ltr'>δεῖ</span> <span class='ocrx_word' id='word_1_144' title='bbox 177 1850 281 1911; x_wconf 80' lang='grc' dir='ltr'>τούτων</span> <span class='ocrx_word' id='word_1_145' title='bbox 293 1877 327 1932; x_wconf 86' lang='grc' dir='ltr'>γε</span> <span class='ocrx_word' id='word_1_146' title='bbox 341 1851 465 1920; x_wconf 86' lang='grc' dir='ltr'>δέεσθαι;</span> <span class='ocrx_word' id='word_1_147' title='bbox 480 1851 559 1911; x_wconf 84' lang='grc' dir='ltr'>α’λλαὶ</span> <span class='ocrx_word' id='word_1_148' title='bbox 570 1856 684 1930; x_wconf 81' lang='grc' dir='ltr'>μᾶλλον</span> <span class='ocrx_word' id='word_1_149' title='bbox 696 1854 736 1930; x_wconf 78' lang='grc' dir='ltr'><em>μή</em></span> <span class='ocrx_word' id='word_1_150' title='bbox 751 1853 783 1914; x_wconf 79' lang='grc' dir='ltr'>οὗ</span> <span class='ocrx_word' id='word_1_151' title='bbox 797 1859 880 1914; x_wconf 81' lang='grc' dir='ltr'>τοῦτο</span> 
     </span>
     <span class='ocr_line' id='line_1_22' title="bbox 80 1935 928 2023; baseline 0.006 -26"><span class='ocrx_word' id='word_1_152' title='bbox 80 1935 145 2016; x_wconf 82' lang='grc' dir='ltr'>ᾗτό</span> <span class='ocrx_word' id='word_1_153' title='bbox 158 1937 359 2016; x_wconf 71' lang='grc' dir='ltr'>χρηστόριον.”</span> <span class='ocrx_word' id='word_1_154' title='bbox 400 1944 521 2000; x_wconf 82' lang='grc' dir='ltr'>Τοιαῦτα</span> <span class='ocrx_word' id='word_1_155' title='bbox 542 1940 575 2017; x_wconf 72' lang='grc' dir='ltr'><em>δὴ</em></span> <span class='ocrx_word' id='word_1_156' title='bbox 594 1944 805 2023; x_wconf 89' lang='grc' dir='ltr'>ἐπιλεγομένων,</span> <span class='ocrx_word' id='word_1_157' title='bbox 821 1943 881 2002; x_wconf 80' lang='grc' dir='ltr'>εἰπε</span> <span class='ocrx_word' id='word_1_158' title='bbox 890 1946 928 2002; x_wconf 90' lang='grc'>80</span> 
     </span>
     <span class='ocr_line' id='line_1_23' title="bbox 80 2025 878 2109; baseline 0.006 -24"><span class='ocrx_word' id='word_1_159' title='bbox 80 2025 115 2102; x_wconf 75' lang='grc' dir='ltr'>δή</span> <span class='ocrx_word' id='word_1_160' title='bbox 136 2052 200 2087; x_wconf 91' lang='grc' dir='ltr'>κοτε</span> <span class='ocrx_word' id='word_1_161' title='bbox 220 2027 319 2105; x_wconf 80' lang='grc' dir='ltr'>μαθών</span> <span class='ocrx_word' id='word_1_162' title='bbox 339 2053 390 2092; x_wconf 88' lang='grc' dir='ltr'>τις·</span> <span class='ocrx_word' id='word_1_163' title='bbox 413 2026 494 2109; x_wconf 85' lang='grc' dir='ltr'>“ἐγιό</span> <span class='ocrx_word' id='word_1_164' title='bbox 515 2055 571 2106; x_wconf 64' lang='grc' dir='ltr'>μοι,</span> <span class='ocrx_word' id='word_1_165' title='bbox 588 2029 673 2088; x_wconf 86' lang='grc' dir='ltr'>δοκέω</span> <span class='ocrx_word' id='word_1_166' title='bbox 698 2031 822 2090; x_wconf 87' lang='grc' dir='ltr'>συνιέναι</span> <span class='ocrx_word' id='word_1_167' title='bbox 845 2031 878 2090; x_wconf 85' lang='grc' dir='ltr'>τό</span> 
     </span>
     <span class='ocr_line' id='line_1_24' title="bbox 80 2114 881 2199; baseline 0.006 -26"><span class='ocrx_word' id='word_1_168' title='bbox 80 2114 170 2174; x_wconf 89' lang='grc' dir='ltr'>ἐθέλει</span> <span class='ocrx_word' id='word_1_169' title='bbox 185 2116 278 2197; x_wconf 88' lang='grc' dir='ltr'>λέγειν</span> <span class='ocrx_word' id='word_1_170' title='bbox 296 2115 364 2193; x_wconf 77' lang='grc' dir='ltr'>ἡμῖν</span> <span class='ocrx_word' id='word_1_171' title='bbox 377 2116 410 2175; x_wconf 82' lang='grc' dir='ltr'>τό</span> <span class='ocrx_word' id='word_1_172' title='bbox 424 2117 569 2192; x_wconf 85' lang='grc' dir='ltr'>μαντήϊον.</span> <span class='ocrx_word' id='word_1_173' title='bbox 601 2116 733 2177; x_wconf 85' lang='grc' dir='ltr'>Ἀσωποῦ</span> <span class='ocrx_word' id='word_1_174' title='bbox 749 2121 881 2199; x_wconf 88' lang='grc' dir='ltr'>λέγονται</span> 
     </span>
     <span class='ocr_line' id='line_1_25' title="bbox 79 2203 882 2286; baseline 0.004 -24"><span class='ocrx_word' id='word_1_175' title='bbox 79 2203 211 2282; x_wconf 90' lang='grc' dir='ltr'>γενέσθαι</span> <span class='ocrx_word' id='word_1_176' title='bbox 233 2204 381 2284; x_wconf 82' lang='grc' dir='ltr'>θυγατέρες</span> <span class='ocrx_word' id='word_1_177' title='bbox 403 2204 489 2281; x_wconf 64' lang='grc' dir='ltr'>Θήβη</span> <span class='ocrx_word' id='word_1_178' title='bbox 510 2231 542 2265; x_wconf 92' lang='grc' dir='ltr'>τε</span> <span class='ocrx_word' id='word_1_179' title='bbox 565 2206 611 2264; x_wconf 86' lang='grc' dir='ltr'>καὶ</span> <span class='ocrx_word' id='word_1_180' title='bbox 628 2206 740 2286; x_wconf 83' lang='grc' dir='ltr'>Αἴγινα·</span> <span class='ocrx_word' id='word_1_181' title='bbox 763 2207 882 2266; x_wconf 87' lang='grc' dir='ltr'>τουτέων</span> 
     </span>
     <span class='ocr_line' id='line_1_26' title="bbox 79 2289 880 2374; baseline 0.007 -26"><span class='ocrx_word' id='word_1_182' title='bbox 79 2289 225 2366; x_wconf 75' lang='grc' dir='ltr'>ἀδελφεῶν</span> <span class='ocrx_word' id='word_1_183' title='bbox 245 2293 373 2362; x_wconf 89' lang='grc' dir='ltr'>ἐουσέων,</span> <span class='ocrx_word' id='word_1_184' title='bbox 393 2292 478 2351; x_wconf 84' lang='grc' dir='ltr'>δοκέω</span> <span class='ocrx_word' id='word_1_185' title='bbox 495 2293 563 2370; x_wconf 77' lang='grc' dir='ltr'>ἡμῖν</span> <span class='ocrx_word' id='word_1_186' title='bbox 580 2292 749 2374; x_wconf 80' lang='grc' dir='ltr'>Αἰγινητέων</span> <span class='ocrx_word' id='word_1_187' title='bbox 766 2293 880 2354; x_wconf 86' lang='grc' dir='ltr'>δέεσθαι</span> 
     </span>
     <span class='ocr_line' id='line_1_27' title="bbox 78 2376 880 2463; baseline 0.007 -27"><span class='ocrx_word' id='word_1_188' title='bbox 78 2376 127 2438; x_wconf 84' lang='grc' dir='ltr'>τόν</span> <span class='ocrx_word' id='word_1_189' title='bbox 141 2379 205 2439; x_wconf 87' lang='grc' dir='ltr'>θεόν</span> <span class='ocrx_word' id='word_1_190' title='bbox 217 2383 325 2459; x_wconf 77' lang='grc' dir='ltr'>χρῆσαι</span> <span class='ocrx_word' id='word_1_191' title='bbox 337 2380 534 2458; x_wconf 78' lang='grc' dir='ltr'>τιμωρητήρων</span> <span class='ocrx_word' id='word_1_192' title='bbox 547 2379 704 2462; x_wconf 81' lang='grc' dir='ltr'>γενέσθαι·”</span> <span class='ocrx_word' id='word_1_193' title='bbox 718 2381 764 2441; x_wconf 83' lang='grc' dir='ltr'>καὶ</span> <span class='ocrx_word' id='word_1_194' title='bbox 779 2381 812 2442; x_wconf 77' lang='grc' dir='ltr'>οὗ</span> <span class='ocrx_word' id='word_1_195' title='bbox 825 2379 880 2463; x_wconf 80' lang='grc' dir='ltr'>γάρ</span> 
     </span>
     <span class='ocr_line' id='line_1_28' title="bbox 78 2466 878 2547; baseline 0.009 -25"><span class='ocrx_word' id='word_1_196' title='bbox 78 2490 120 2528; x_wconf 89' lang='grc' dir='ltr'>τις</span> <span class='ocrx_word' id='word_1_197' title='bbox 132 2466 234 2542; x_wconf 79' lang='grc' dir='ltr'>ταύτης</span> <span class='ocrx_word' id='word_1_198' title='bbox 246 2468 364 2544; x_wconf 88' lang='grc' dir='ltr'>α’μείνων</span> <span class='ocrx_word' id='word_1_199' title='bbox 376 2468 474 2547; x_wconf 80' lang='grc' dir='ltr'>γνώμη</span> <span class='ocrx_word' id='word_1_200' title='bbox 488 2467 580 2528; x_wconf 88' lang='grc' dir='ltr'>ἐδόκεε</span> <span class='ocrx_word' id='word_1_201' title='bbox 602 2470 762 2545; x_wconf 91' lang='grc' dir='ltr'>φαίνεσθαι,</span> <span class='ocrx_word' id='word_1_202' title='bbox 778 2469 878 2530; x_wconf 80' lang='grc' dir='ltr'>αὐτίκα</span> 
     </span>
     <span class='ocr_line' id='line_1_29' title="bbox 78 2552 877 2637; baseline 0.006 -25"><span class='ocrx_word' id='word_1_203' title='bbox 78 2552 239 2632; x_wconf 81' lang='grc' dir='ltr'>πέμψαντες</span> <span class='ocrx_word' id='word_1_204' title='bbox 256 2555 364 2616; x_wconf 87' lang='grc' dir='ltr'>ἐδέοντο</span> <span class='ocrx_word' id='word_1_205' title='bbox 380 2557 556 2637; x_wconf 89' lang='grc' dir='ltr'>Αἰγινητέων,</span> <span class='ocrx_word' id='word_1_206' title='bbox 577 2556 788 2634; x_wconf 81' lang='grc' dir='ltr'>ἐπικαλεόμενοι</span> <span class='ocrx_word' id='word_1_207' title='bbox 807 2557 877 2617; x_wconf 70' lang='grc' dir='ltr'>κατὰ</span> 
     </span>
     <span class='ocr_line' id='line_1_30' title="bbox 77 2641 956 2726; baseline 0.006 -25"><span class='ocrx_word' id='word_1_208' title='bbox 77 2641 110 2701; x_wconf 81' lang='grc' dir='ltr'>τό</span> <span class='ocrx_word' id='word_1_209' title='bbox 124 2641 299 2721; x_wconf 76' lang='grc' dir='ltr'>χρηστήριόν</span> <span class='ocrx_word' id='word_1_210' title='bbox 312 2650 368 2717; x_wconf 90' lang='grc' dir='ltr'>σφι</span> <span class='ocrx_word' id='word_1_211' title='bbox 384 2643 525 2720; x_wconf 85' lang='grc' dir='ltr'>βοηθέειν,</span> <span class='ocrx_word' id='word_1_212' title='bbox 541 2643 576 2707; x_wconf 77' lang='grc' dir='ltr'>ὥς</span> <span class='ocrx_word' id='word_1_213' title='bbox 594 2644 694 2705; x_wconf 88' lang='grc' dir='ltr'>ἐόντων</span> <span class='ocrx_word' id='word_1_214' title='bbox 711 2644 877 2726; x_wconf 80' lang='grc' dir='ltr'>ἅγχιστέων·</span> <span class='ocrx_word' id='word_1_215' title='bbox 955 2652 956 2657; x_wconf 68' lang='grc'>’</span> 
     </span>
     <span class='ocr_line' id='line_1_31' title="bbox 78 2729 879 2809; baseline 0.006 -21"><span class='ocrx_word' id='word_1_216' title='bbox 78 2732 105 2788; x_wconf 89' lang='grc' dir='ltr'>οἰ</span> <span class='ocrx_word' id='word_1_217' title='bbox 127 2729 157 2789; x_wconf 89' lang='grc' dir='ltr'>δέ</span> <span class='ocrx_word' id='word_1_218' title='bbox 179 2735 235 2807; x_wconf 92' lang='grc' dir='ltr'>σφι</span> <span class='ocrx_word' id='word_1_219' title='bbox 251 2730 376 2791; x_wconf 79' lang='grc' dir='ltr'>αἰτέουσι</span> <span class='ocrx_word' id='word_1_220' title='bbox 397 2733 556 2809; x_wconf 80' lang='grc' dir='ltr'>ἐπικουρίην</span> <span class='ocrx_word' id='word_1_221' title='bbox 574 2733 638 2796; x_wconf 73' lang='grc' dir='ltr'>τούς</span> <span class='ocrx_word' id='word_1_222' title='bbox 658 2734 792 2798; x_wconf 87' lang='grc' dir='ltr'>Αἰακίδας</span> <span class='ocrx_word' id='word_1_223' title='bbox 809 2758 879 2809; x_wconf 91' lang='grc' dir='ltr'>συμ-</span> 
     </span>
     <span class='ocr_line' id='line_1_32' title="bbox 77 2819 925 2902; baseline 0.005 -27"><span class='ocrx_word' id='word_1_224' title='bbox 77 2819 197 2895; x_wconf 88' lang='grc' dir='ltr'>πέμπειν</span> <span class='ocrx_word' id='word_1_225' title='bbox 213 2821 334 2896; x_wconf 84' lang='grc' dir='ltr'>ἐφασαν.</span> <span class='ocrx_word' id='word_1_226' title='bbox 376 2819 597 2897; x_wconf 87' lang='grc' dir='ltr'>Πειρησαμένων</span> <span class='ocrx_word' id='word_1_227' title='bbox 611 2820 640 2879; x_wconf 85' lang='grc' dir='ltr'>δέ</span> <span class='ocrx_word' id='word_1_228' title='bbox 653 2820 720 2902; x_wconf 75' lang='grc' dir='ltr'>[τῶν</span> <span class='ocrx_word' id='word_1_229' title='bbox 733 2820 879 2902; x_wconf 82' lang='grc' dir='ltr'>Θηβαίων]</span> <span class='ocrx_word' id='word_1_230' title='bbox 890 2821 925 2879; x_wconf 91' lang='grc'>81</span> 
     </span>
     <span class='ocr_line' id='line_1_33' title="bbox 78 2905 878 2988; baseline 0.011 -26"><span class='ocrx_word' id='word_1_231' title='bbox 78 2905 148 2965; x_wconf 71' lang='grc' dir='ltr'>κατα</span> <span class='ocrx_word' id='word_1_232' title='bbox 171 2907 224 2983; x_wconf 74' lang='grc' dir='ltr'>τὴν</span> <span class='ocrx_word' id='word_1_233' title='bbox 248 2907 412 2986; x_wconf 87' lang='grc' dir='ltr'>συμμαχίην</span> <span class='ocrx_word' id='word_1_234' title='bbox 433 2912 488 2967; x_wconf 80' lang='grc' dir='ltr'>τῶν</span> <span class='ocrx_word' id='word_1_235' title='bbox 512 2907 663 2968; x_wconf 85' lang='grc' dir='ltr'>Αἰακιδέων</span> <span class='ocrx_word' id='word_1_236' title='bbox 685 2909 731 2967; x_wconf 88' lang='grc' dir='ltr'>καὶ</span> <span class='ocrx_word' id='word_1_237' title='bbox 754 2910 878 2988; x_wconf 89' lang='grc' dir='ltr'>τρηχέως</span> 
     </span>
     <span class='ocr_line' id='line_1_34' title="bbox 77 2994 884 3076; baseline 0.005 -26"><span class='ocrx_word' id='word_1_238' title='bbox 77 2994 282 3071; x_wconf 90' lang='grc' dir='ltr'>περιεφθέντων</span> <span class='ocrx_word' id='word_1_239' title='bbox 295 2994 351 3055; x_wconf 63' lang='lat' dir='ltr'>find</span> <span class='ocrx_word' id='word_1_240' title='bbox 364 2998 420 3056; x_wconf 76' lang='grc' dir='ltr'>τῶν</span> <span class='ocrx_word' id='word_1_241' title='bbox 433 2994 594 3071; x_wconf 90' lang='grc' dir='ltr'>Ἀθηναίων,</span> <span class='ocrx_word' id='word_1_242' title='bbox 606 2995 683 3058; x_wconf 81' lang='grc' dir='ltr'>αὖτις</span> <span class='ocrx_word' id='word_1_243' title='bbox 695 2996 735 3076; x_wconf 84' lang='grc' dir='ltr'>[οἱ</span> <span class='ocrx_word' id='word_1_244' title='bbox 743 2995 884 3073; x_wconf 71' lang='grc' dir='ltr'>Θηβαῖοι]</span> 
     </span>
     <span class='ocr_line' id='line_1_35' title="bbox 77 3081 900 3160; baseline -0.005 -20"><span class='ocrx_word' id='word_1_245' title='bbox 77 3081 243 3159; x_wconf 81' lang='grc' dir='ltr'>πέμψαντες,</span> <span class='ocrx_word' id='word_1_246' title='bbox 259 3083 323 3147; x_wconf 75' lang='grc' dir='ltr'>τούς</span> <span class='ocrx_word' id='word_1_247' title='bbox 342 3085 395 3160; x_wconf 77' lang='grc' dir='ltr'>μὲν</span> <span class='ocrx_word' id='word_1_248' title='bbox 413 3083 548 3148; x_wconf 83' lang='grc' dir='ltr'>Αἰακίδας</span> <span class='ocrx_word' id='word_1_249' title='bbox 569 3089 631 3160; x_wconf 78' lang='grc' dir='ltr'>σφι</span> <span class='ocrx_word' id='word_1_250' title='bbox 650 3082 827 3142; x_wconf 60' lang='grc' dir='ltr'>ἀπεδίδοσαν</span> <span class='ocrx_word' id='word_1_251' title='bbox 841 3082 900 3132; x_wconf 67' lang='grc' dir='ltr'>τῖυυ</span> 
     </span>
     <span class='ocr_line' id='line_1_36' title="bbox 73 3165 933 3258; baseline -0.003 -35"><span class='ocrx_word' id='word_1_252' title='bbox 73 3167 224 3246; x_wconf 79' lang='grc' dir='ltr'>δέιίνδρῶν</span> <span class='ocrx_word' id='word_1_253' title='bbox 237 3172 360 3234; x_wconf 85' lang='grc' dir='ltr'>ἐδέοντο·</span> <span class='ocrx_word' id='word_1_254' title='bbox 384 3178 544 3258; x_wconf 76' lang='grc' dir='ltr'>Αἰγινῆται</span> <span class='ocrx_word' id='word_1_255' title='bbox 562 3173 610 3241; x_wconf 69' lang='grc' dir='ltr'>δὶ,</span> <span class='ocrx_word' id='word_1_256' title='bbox 623 3165 801 3244; x_wconf 70' lang='grc' dir='ltr'>εδδαιμαυίη</span> <span class='ocrx_word' id='word_1_257' title='bbox 819 3183 857 3213; x_wconf 60' lang='grc' dir='ltr'>τε</span> <span class='ocrx_word' id='word_1_258' title='bbox 879 3177 933 3250; x_wconf 44' lang='grc' dir='ltr'>μ’*</span> 
     </span>
    </p>

    <p class='ocr_par' dir='ltr' id='par_1_4' title="bbox 62 3237 960 3346">
     <span class='ocr_line' id='line_1_37' title="bbox 62 3237 960 3346; baseline 0.009 -24"><span class='ocrx_word' id='word_1_259' title='bbox 62 3254 140 3333; x_wconf 49' lang='grc' dir='ltr'>ἵίῑῗίῃ</span> <span class='ocrx_word' id='word_1_260' title='bbox 161 3262 348 3340; x_wconf 69' lang='grc' dir='ltr'>ἐπαρθέντες,</span> <span class='ocrx_word' id='word_1_261' title='bbox 368 3266 417 3325; x_wconf 76' lang='grc' dir='ltr'>καὶ</span> <span class='ocrx_word' id='word_1_262' title='bbox 443 3264 556 3346; x_wconf 75' lang='grc' dir='ltr'>ἔχθρης</span> <span class='ocrx_word' id='word_1_263' title='bbox 579 3260 722 3329; x_wconf 59' lang='grc' dir='ltr'>πῦδωῆἳ</span> <span class='ocrx_word' id='word_1_264' title='bbox 739 3237 960 3318; x_wconf 46' lang='grc' dir='ltr'>ᾇνψψδψ</span> 
     </span>
    </p>
   </div>
   <div class='ocr_carea' id='block_1_2' title="bbox 0 0 1016 3450">
    <p class='ocr_par' dir='ltr' id='par_1_5' title="bbox 0 0 1016 3450">
     <span class='ocr_line' id='line_1_38' title="bbox 0 0 1016 3450; baseline 0 0"><span class='ocrx_word' id='word_1_265' title='bbox 0 0 1016 3450; x_wconf 95' lang='lat' dir='ltr'> </span> 
     </span>
    </p>
   </div>
  </div>
 </body>
</html>
