2024 3450
65 99 169 163 4452]
380 99 534 146 ουΡΑΝΙΑ.
816 94 863 146 237

66 180 158 256 κρίτου
176 175 361 248 σπεύσαντος,
383 175 481 253 οἷνδρός
501 173 556 236 τῶν
571 175 665 238 ἀστῶν
685 175 799 253 δοκίμου
818 174 866 234 καὶ

62 266 127 327 Ιτότε
150 267 390 346 τριηραρχέοντος.
431 264 534 335 Νάξιοι
558 264 589 323 δέ
610 268 665 324 εἶσι
686 262 787 336 Ἴωνες,
816 259 865 320 ἄπ’

63 354 201 432 Ἀθηνέων
220 353 375 436 γεγονότες.
417 353 533 429 Στυρέες
554 352 583 410 δέ
600 352 650 415 τὰς
666 351 750 414 αὐτοῖς
769 349 863 428 παρεί-

63 470 148 521 χοντο
165 448 233 520 νῆας
248 441 298 505 τοὶς
311 441 357 499 καὶ
370 438 412 498 ἐπ’
425 438 603 517 Ἀρτεμισίῳ,
617 438 735 498 Κύθνιοι
753 439 782 497 δέ
797 438 865 516 μίαν

65 532 110 589 καὶ
120 529 345 606 πεντηκόντερον·
363 528 453 590 ἐόντες
463 524 672 603 συναμφότεροι
686 523 762 583 οὗτοι
776 525 865 602 Δρύο·

48 689 50 694 Ι
64 644 123 680 πες·
146 619 192 676 καὶ
206 617 336 693 Σερίφιοί
346 641 377 674 τε
392 615 438 673 καὶ
452 615 564 688 Σίφνιοι
579 613 626 670 καὶ
638 611 748 687 Μήλιοι
767 617 865 690 ἐστρα-

64 705 186 764 τεύοντο·
208 702 352 782 αὗταιγὰρ
367 702 417 760 οὐκ
431 701 532 760 ἔδοσαν
543 704 642 776 μοῦνοι
660 699 815 775 νησιωτέων
827 703 866 778 τῷ

65 790 205 869 βαρβάρῳ
218 794 272 870 γῆν
284 815 315 848 τε
329 790 374 846 καὶ
388 789 468 866 ὕδωρ.
499 785 585 847 Οὗτοι
595 790 647 862 μέν
657 787 776 851 ἅπαντες
790 787 911 850 ἐντός47

65 877 205 952 οἰκημένοι
225 880 400 952 Θεσπρωτῶν
424 877 469 935 καὶ
488 875 653 954 Ἀχέροντος
672 880 801 954 ποταμοῦ
813 881 866 935 ,ἐσ-

35 1029 39 1036 ¹
64 963 238 1041 τρατεύοντο·
265 964 428 1042 Θεσπρωτοὶ
448 963 502 1045 γάρ
524 967 579 1023 εἷσι
599 964 778 1043 ὁμουρέοντες
797 964 864 1041 Ἀμ-

64 1052 238 1134 πρακιιότῃσι
254 1053 300 1110 καὶ
318 1052 498 1111 Λευκαδίοισι
511 1051 538 1112 οἳ
552 1052 583 1122 ἐξ
599 1054 739 1132 ἐσχατέων
754 1053 865 1133 χωρέων

65 1141 272 1217 ἐστρατεύοντο.
300 1145 355 1200 τῶν
368 1141 398 1199 δέ
409 1140 486 1204 ἐκτός
499 1140 603 1200 τούτων
618 1143 775 1218 οἰκημένων,
790 1148 864 1219 Κρο-

64 1221 192 1305 τωνίῆται
207 1233 306 1306 μοῦνοι
322 1228 396 1304 ἦσαν
415 1228 442 1286 οἳ
460 1228 611 1304 ἐβιόθησαν
627 1234 663 1307 τῇ
677 1229 796 1287 Ἑλλάδι
810 1254 865 1287 κιν-

65 1314 222 1396 δυνευούση,
238 1317 282 1391 νηῒ
297 1321 356 1394 μιῇ,
375 1319 425 1391 τῆς
442 1314 512 1393 ἦρχε
531 1314 601 1390 άνήρ
618 1316 677 1392 τρὶς
697 1315 864 1391 πυθιονίκης,

65 1402 204 1466 Φάῦλλος.
240 1405 430 1478 Κροτωνιῆται
451 1401 480 1459 δέ
500 1402 579 1479 γένος
604 1403 659 1460 εἰσὶ
681 1401 801 1480 Ἀχαιοί.
829 1406 865 1460 Οἱ
874 1403 912 1461 48

65 1490 116 1563 μέν
136 1515 183 1548 νυν
203 1487 290 1547 ἄλλοι
305 1487 432 1564 τριήρεας
449 1488 636 1566 παρεχόμενοι
657 1487 864 1565 ἐστρατεύοντο,

66 1576 175 1650 Μήλιοι
185 1576 223 1644 δέ,
235 1575 280 1632 καὶ
291 1575 411 1650 Σίφνιοι,
424 1574 469 1632 καὶ
479 1575 615 1649 Σερίφιοι,
625 1575 864 1652 πεντηκοντέρους·

67 1662 175 1737 Μήλιοι
201 1663 260 1738 μὲν,
281 1661 360 1742 γένος
381 1659 471 1723 ἐόντες
491 1660 546 1720 οἷπδ
575 1662 789 1738 Λακεδαίμονος,
817 1663 866 1722 δύο

66 1750 242 1828 παρείχοντο·
270 1749 381 1824 Σίφνιοι
400 1748 430 1806 δέ
447 1749 493 1806 καὶ
511 1750 646 1825 Σερίφιοι,
663 1749 756 1812 Ἴωνες
777 1750 866 1813 ἐόντες

67 1836 113 1894 ἀπ’
126 1837 272 1912 Ἀθηνέων,
286 1837 353 1912 μίαν
370 1835 502 1913 ἐκάτεροι.
539 1835 655 1914 α’ριθμός
676 1837 705 1896 δὲ
726 1838 865 1919 ἐγένετοὸ

67 1928 121 1988 τᾶς
133 1928 189 1984 τῶν
202 1928 278 1995 νεῶν,
292 1923 382 2000 πάρεξ
396 1927 451 1983 τῶν
466 1925 694 2001 πεντηκοντέρων,
708 1926 866 2003 τριηκόσιαι

68 2038 112 2071 και
103 2012 374 2090 ἐβδομηκοντα
331 2038 376 2070 και
390 2011 470 2071 ὀκτά.

107 2099 156 2165 Ως
170 2101 230 2160 δὲ’
217 2127 244 2164 ες
261 2127 313 2177 την
332 2102 479 2178 Σαλαμῖνα
501 2100 691 2174 συνηλθον’
665 2126 692 2158 οι
713 2125 866 2181 στρατηγοι
856 2100 912 2161 49

67 2187 123 2249 άπο
115 2187 237 2250 τ’ὣν
213 2190 362 2266 ειρημένων
378 2188 492 2258 πολίων,
507 2186 700 2262 ἐβουλεύοντο,
715 2188 866 2265 προθέντος

66 2276 245 2355 Εὐρυβιάδεω
260 2302 374 2359 γνωμην
391 2273 648 2352 ἀποφαίνεσθαι
616 2301 666 2334 τον
681 2274 865 2352 βουλόμενον,

67 2364 133 2424 ὅκου
143 2364 233 2424 δοκέοι
244 2362 460 2475 ἐπιτηδεότατον
473 2363 542 2423 εἶναι
555 2363 711 2441 ναυμαχίην
721 2364 867 2424 ποιέεσθαι

58 2455 121 2510 ’των
141 2451 220 2510 αὐτοὶ
245 2455 355 2531 χωρέων
377 2452 520 2532 ἐγκρατέες
541 2453 605 2510 εἰσί·
633 2450 652 2526 ἦ
673 2450 729 2532 γάρ
752 2449 866 2526 Ἀττικη

67 2537 211 2613 άφεῖτοηδ
212 2563 238 2613 η,
247 2564 301 2598 των
312 2538 341 2597 δε
350 2540 518 2599 λοιπεων
480 2565 545 2616 περι
554 2539 749 2615 προετιθεε
721 2564 751 2596 αι
759 2563 867 2618 γνωμαι

68 2624 97 2683 δὲ
112 2622 177 2684 τῶν
197 2624 335 2705 λεγόντων
359 2628 388 2683 αἱ
410 2630 544 2685 πλεῖσται
565 2625 773 2695 συνεξέπιπτον,
797 2624 868 2702 πρός

66 2710 116 2771 τόν
128 2710 245 2788 Ἰσθμόν
261 2710 428 2775 πλώσαντας
448 2713 612 2791 ναυμαχέειν
628 2713 683 2790 πρό
703 2716 754 2789 τῆς
775 2716 867 2772 Πελο-

67 2798 220 2876 πονιησου·
255 2799 430 2879 ἐπιλέγοντες
454 2799 503 2859 τόν
530 2799 617 2880 λόγον
643 2799 730 2873 τόνδε,
764 2799 807 2870 ὦς,
833 2798 868 2875 ἣν

67 2887 214 2964 νικηθέωσι
239 2890 276 2965 τῇ
302 2887 441 2993 ναυμαχίῃ
468 2891 497 2946 ἐν
524 2887 664 2966 Σαλαμῖνι
689 2890 742 2964 μέν
767 2885 866 2955 ἐόντες,

67 2974 335 3062 πολυορκησονται’
322 3000 352 3034 εν
371 3000 457 3053 νησῳ,
475 2975 524 3034 ἵνα
540 2980 596 3051 σφι
615 2973 732 3080 τιμωρίη
753 2971 894 3048 οὐδεμία

68 3058 282 3138 ἐπιφανησεται·
309 3060 379 3138 πρός
399 3062 485 3120 δέ
448 3088 486 3140 τιρ
502 3061 648 3140 Ἰσθμῶ,’
635 3085 665 3123 ες
680 3085 750 3120 τους
766 3061 878 3114 ἓωυςιυυ

69 3147 233 3218 ἐξοίσονται.

60 3236 188 3365 [[Ταγΐῖα
205 3260 262 3298 ων
280 3263 341 3300 “²⁰
332 3235 610 3315 Πῑλπθννήσου
628 3249 813 3310 στραττγηωυ
829 3219 937 3274 'emk-

924 3209 966 3260 -Vu‘
