2024 3450
79 105 187 169 92-96]
392 107 579 155 κκΛΛιοΠΗ.
832 107 880 154 325

78 186 110 245 ού
123 185 260 262 πρότερόν
272 211 303 245 τε
321 186 483 244 παύσεσθαι
500 186 679 262 τιμωρέοντες
699 187 799 264 ἐκείνῳ,
814 185 880 262 πρὶν

77 272 96 350 ἢ
122 274 198 335 δίκας
225 272 295 332 δῶσι
314 276 369 331 τῶν
390 272 525 346 ἐποίησαν
544 271 646 337 ταύτας
668 272 718 335 τάς
742 270 776 332 ἂν
796 272 879 338 αὐτός

78 362 174 437 ἕληται
202 360 247 419 καὶ
269 361 378 418 δικαιοῖ’
412 359 516 418 τούτων
542 359 571 416 δέ
596 361 774 434 τελεομένων,
799 360 877 422 αὐτοὶ

76 449 176 509 δώσειν
189 447 296 526 Εὐηνίῳ
310 447 391 506 δόσιν
408 445 538 521 τοιαύτην
555 447 607 521 τῆν
625 446 750 510 πολλούς
764 474 813 524 μιν
825 475 877 525 μα-

76 541 181 614 καριεῖν
196 534 346 612 ἀνθρώπων
364 535 472 613 ἔχοντα.
514 533 556 591 Τά
573 535 625 610 μὲν
642 533 800 612 χρηστήρια
813 539 925 597 ταῦ-94

75 623 111 684 τά
133 630 189 699 σφι
213 620 350 700 ἐχρήσθη·
382 625 409 680 οἱ
432 622 462 680 δέ
483 620 710 696 Ἀπολλωνιῆται
733 618 878 698 ἀπόρρητα

76 710 270 787 ποιησόμενοι,
285 710 443 786 προέθεσαν
455 713 510 770 τῶν
522 707 617 770 ἀστῶν
631 706 749 785 ἀνδράσι
763 709 877 786 διαπρῆ-

76 798 131 866 ξαι·
153 800 179 856 οἱ
200 797 231 856 δέ
250 803 307 873 σφι
328 797 477 874 διέπρηξαν
497 794 558 856 ὦδε·
579 796 734 873 κατημένου
757 795 876 871 Εὐηνίου

77 889 106 943 ἐν
122 884 208 962 θώκῳ,
228 884 356 948 ἐλθόντες
377 888 403 943 οἱ
421 885 569 962 παρίζοντο
588 885 633 944 καὶ
651 883 754 966 λόγους
772 882 878 949 ἄλλους

76 976 225 1042 ἐποιεῦντο,
240 978 267 1035 ἐς
280 972 296 1032 ό
314 973 481 1049 κατέβαινον
493 974 718 1050 συλλυπεύμενοι
732 976 771 1052 τῷ
783 972 876 1034 πάθεῖ·

74 1060 161 1140 ταύτῃ
181 1061 211 1120 δέ
230 1059 382 1142 ύπάγοντες
401 1061 526 1140 εἶρῶτεον
545 1064 607 1122 τίνα
627 1063 706 1139 δίκην
721 1060 756 1123 ἂν
773 1063 875 1135 έλοιτο,

75 1151 99 1206 εἰ
118 1150 240 1209 ἐθέλοιεν
257 1147 482 1225 Ἀπολλωνιῆται
501 1150 578 1214 δίκας
598 1150 755 1226 ἀποστῆναι
775 1150 875 1211 δαίσειν

72 1241 127 1295 τῶν
148 1240 301 1315 ἐποίησαν,
337 1237 353 1297 ὁ
375 1238 404 1296 δὲ
426 1237 475 1297 οὐκ
497 1237 620 1314 ἀκηκοάς
640 1238 673 1297 τὰ
697 1237 874 1312 θεοπρόπιον,

73 1324 164 1384 εἵλετο
178 1325 265 1388 εἶπας·
288 1327 313 1384 εἴ
327 1325 369 1387 τίς
382 1328 410 1383 οἱ
426 1325 487 1399 δοίη
501 1323 604 1404 ἀγρούς
621 1328 676 1382 τῶν
696 1322 799 1391 ἀστῶν,
814 1322 873 1382 ὀνο·

71 1409 167 1482 μάσας
178 1415 256 1470 τοῖσι
268 1410 410 1485 ῆπίστατο
425 1409 494 1469 εἶναι
508 1409 678 1470 καλλίστους
691 1408 740 1467 δύο
755 1409 875 1485 κλήρους

73 1499 127 1554 τῶν
148 1501 177 1555 ἐν
196 1501 232 1574 τῆ
250 1494 438 1573 Ἀπολλωνίῃ,
454 1495 499 1553 καὶ
517 1495 627 1571 οἴκησιν
647 1496 716 1572 πρός
736 1495 871 1568 τούτοισι,

72 1581 124 1656 τῆν
139 1580 203 1660 ῆδεε
217 1583 375 1657 καλλίστην
391 1586 494 1641 ἐοῦσαν
506 1585 561 1642 τάν
580 1588 609 1642 ἐν
621 1587 657 1661 τῆ
671 1583 749 1641 πόλι·
769 1583 874 1646 τούτων

73 1668 111 1738 δὲ,
133 1671 196 1746 ἔφη,
218 1669 362 1747 ἐπήβολος
381 1668 528 1750 γενόμενος
548 1673 598 1729 τοῦ
618 1673 720 1728 λοιποῦ
741 1669 874 1746 ἀμήνιτος

73 1756 150 1831 εἶναι,
165 1757 211 1816 καὶ
224 1757 303 1834 δίκην
316 1761 342 1817 οἱ
360 1757 463 1834 ταύτην
482 1756 609 1837 ἀποχρᾶν
624 1760 783 1840 γενομένην.
825 1761 872 1820 καὶ

73 1844 152 1922 ὁμὲν
165 1849 254 1905 ταῦτα
272 1847 358 1925 ἔλεγε,
373 1848 400 1904 οἱ
421 1845 450 1903 δέ
468 1844 601 1923 πάρεδροι
619 1846 699 1906 εἶπαν
712 1846 873 1924 ἀπολαβόν·

71 1959 125 1996 τες·
150 1932 285 2010 “Εύῆνιε,
303 1932 407 2008 ταύτην
425 1932 503 2009 δίκην
520 1933 746 2014 Ἀπολλωνιῆται
763 1940 813 2010 τῆς
829 1940 872 1995 ἐκ·

71 2021 234 2096 τυφλόσιος
250 2015 392 2082 ἐκτίνουσί
408 2046 452 2080 τοι
473 2021 544 2082 κατά
564 2021 719 2097 θεοπρόπια
739 2021 775 2080 τά
795 2023 873 2103 γενό·

69 2109 166 2185 μενα.”
193 2109 209 2170 ὁ
221 2110 274 2187 μέν
287 2108 321 2184 δῆ
334 2108 405 2185 πρός
416 2107 593 2184 ταῦταδεινά
607 2108 738 2184 ἐποιέετο,
749 2108 873 2188 ἐνθεῦτεν

70 2197 225 2276 πυθόμενος
237 2198 287 2259 τάν
302 2197 394 2258 πάντα
412 2196 508 2278 λόγον,
523 2196 559 2260 ἀς
577 2196 766 2276 ἐξαπατηθείς·
787 2199 814 2256 οἱ
831 2197 872 2269 δὲ,

69 2285 215 2364 πριάμενοι
228 2286 304 2364 παρά
315 2289 371 2345 τῶν
386 2285 547 2362 ἐκτημένων,
559 2284 669 2344 διδοῦσί
680 2287 707 2344 οἶ
719 2311 755 2345 τα
769 2285 870 2348 εἵλετο.
919 2363 921 2368 Ι

70 2374 116 2431 καὶ
128 2374 199 2450 μετά
212 2379 299 2436 ταῦτα
313 2374 413 2434 αὐτίκα
428 2375 552 2451 ἔμφυτον
568 2372 703 2451 μαντικήν
717 2373 783 2454 εἶχε,
797 2373 871 2436 ὥστε

71 2460 116 2517 καὶ
131 2460 304 2536 οὗνομαστός
316 2462 457 2542 γενέσθαι.

109 2545 215 2605 Τούτου
242 2547 276 2621 δή
304 2547 319 2605 ἀ
347 2548 489 2622 Δηίφονος
513 2549 563 2608 ε’ἀν
586 2553 652 2611 παῖς
671 2553 721 2609 τοῦ
741 2551 868 2628 Εὐηνίου,
878 2555 917 2612 95

69 2630 192 2712 ἀγόντων
218 2634 381 2708 Κορινθίων,
405 2634 568 2710 ἐμαντεύετο
591 2640 626 2714 τῆ
647 2643 775 2717 στρατιῆ.
815 2638 868 2715 ἤδη

69 2720 98 2778 δὲ
112 2721 159 2780 καὶ
171 2720 205 2779 τό
222 2745 235 2778 ε
250 2718 368 2795 ἥκουσα,
382 2720 419 2785 ἀς
436 2721 452 2781 ὁ
471 2722 614 2798 Δηίφονος
634 2726 806 2802 ἐπιβατεύων
818 2733 868 2785 τοῦ

67 2806 187 2884 Εύηνίου
205 2807 366 2884 οὐνόματος,
386 2807 561 2886 ἐξελάμβανε
580 2811 664 2871 ε’πιάν
678 2812 730 2888 τῆν
741 2812 868 2870 Ἑλλάδα

67 2895 144 2976 ἔργα,
158 2895 208 2955 ούκ
222 2895 273 2955 εὀλν
290 2894 410 2971 Εύηνίου
426 2900 502 2959 ταῖς.
542 2901 626 2956 Τοῖσι
646 2899 675 2957 δὲ
691 2898 819 2972 Ἕλλησι
833 2897 915 2963 οἷς96

67 2985 260 3060 ἐκαλλιέρησε,
282 2981 388 3065 ἀνῆγον
407 2983 458 3047 τάς
478 2984 541 3047 νέας
561 2989 592 3044 ἐκ
610 2989 662 3060 τῆς
680 2983 778 3059 Δήλου
798 2985 868 3062 πρός

65 3066 118 3144 τῆν
145 3070 250 3146 Σόμον·
292 3073 352 3130 ἐπεὶ
379 3071 409 3129 δὲ
432 3072 559 3152 ἐγένοντο
587 3074 638 3146 τῆς
665 3069 773 3145 Σαμίης
798 3071 876 3144 πρός

66 3155 239 3232 Καλόμοισι,
270 3161 298 3218 οἶ
323 3159 376 3236 μὲν
409 3157 498 3221 αύτοῦ
530 3155 730 3237 ὂρμισίιμευοι
757 3153 837 3210 κατα
861 3153 901 3204 τὶ

60 3242 177 3320 Ἡραῖον
202 3243 237 3306 τό
265 3246 368 3328 ταύτῃ,
395 3246 666 3330 παρεσκευάζοντο
687 3246 722 3304 ἐς
740 3231 927 3306 mmm&
