2024 3450
131 120 149 162 υ
430 114 616 162 ἭΡοΔουοο
882 111 927 177 [V.

33 194 35 199 ’
96 193 114 251 3
169 191 294 267 Θρηίκων
308 191 338 250 δὲ
354 192 432 254 ἔθνος
449 190 585 272 μέγιστόν
601 195 671 260 ἐστι,
685 188 757 268 μετά
772 188 928 271 γεἸνδοῦς,

68 313 71 317 ’
129 278 240 338 πάντων
253 277 413 355 άνθροίπων·
435 284 459 338 εἰ
475 279 504 338 δέ
517 277 563 338 ὕπ’
578 277 637 341 ἐνός
654 277 770 357 άρχοιπο
784 276 802 354 ἢ
817 280 930 355 φρονέοι

130 365 200 424 κατά
217 364 315 436 τωύτό,
329 365 440 446 ἄμαχόν
456 367 479 426 τ’
493 364 527 428 ῶν
544 367 585 442 εἴη
602 367 649 425 καὶ
667 370 766 445 πολλῷ
780 365 930 442 κράτιστον

130 453 247 536 πάντωνΙ
260 455 367 525 ἐθνέων,
386 455 456 514 κατά
473 455 585 536 γνώμην
605 453 657 529 τὴν
678 452 755 530 ἐμήν·
778 452 855 512 άλλά
875 454 930 535 γάρ

129 546 211 602 τοῦτο
228 541 334 621 ἄπορόν
349 549 405 619 σφι
421 543 467 602 καὶ
484 542 629 622 ἀμήχανον
642 541 682 619 μή
696 567 760 601 κοτε
777 543 929 622 ἐγγένηται,

130 631 185 690 εἰσὶ
204 630 238 708 δη
258 631 329 691 κατά
346 635 429 691 τοῦτο
448 631 584 695 ἀσθενέες.
621 629 763 706 οὐνόματα
784 629 813 688 δέ
833 630 930 688 πολλά

129 719 226 798 ἔχουσι
243 719 313 779 κατά
326 719 419 798 χώρας
433 719 556 778 ἔκαστοι·
578 718 691 794 νόμοισι
708 717 737 776 δέ
751 714 829 778 οῦτοι
842 743 930 794 παρα-

90 870 93 875 ,
128 808 280 881 πλησίοισι
290 805 391 868 πάντες
400 806 535 884 χρέωνται
545 805 616 864 κατά
626 805 726 875 πάντα,
737 805 815 882 πλην
825 799 931 865 Γετέων

87 916 90 920 ’
130 893 176 950 καὶ
189 896 325 969 Τραυσῶν
338 893 384 951 καὶ
399 897 454 952 τῶν
468 892 622 969 κατύπερθε
639 894 847 969 Κρηστωναίων
861 897 929 952 οἶκε-

94 978 222 1039 4όντων.
262 979 373 1039 Τούτων
393 980 422 1039 δέ
442 979 477 1039 τά
498 983 550 1055 μὲν
570 980 653 1038 Γέται
674 983 700 1037 οἶ
721 978 930 1050 ἀθανατίζοντες

119 1069 248 1138 ποιεῦσι,
261 1067 369 1144 εἴρηταί
379 1092 438 1144 μοι.
465 1067 591 1144 Τραυσοὶ
601 1066 630 1125 δέ
640 1066 675 1127 τά
689 1068 740 1143 μὲν
751 1064 828 1125 ἅλλα
838 1066 929 1127 πάντα

129 1154 199 1214 κατά
215 1154 301 1214 ταύτά
317 1157 394 1215 τοῖσι
412 1154 531 1214 ἄλλοισι
549 1154 637 1232 Θρηξὶ
657 1154 840 1225 ἐπιτελέουσι,
858 1150 928 1215 κατά

129 1241 159 1300 δέ
184 1241 235 1302 τόν
259 1241 407 1323 γινόμενόν
432 1248 488 1318 σφι
515 1244 561 1302 καὶ
588 1241 790 1323 ἀπογινόμενον
817 1247 928 1302 ποιεῦσι

119 1329 238 1399 τοιάδε·
254 1330 303 1390 τόν
323 1332 375 1408 μὲν
394 1330 544 1412 γενόμενον
565 1329 750 1406 περιῖζόμενοι
772 1332 799 1388 οἱ
819 1329 928 1407 προσή-
982 1403 985 1409 Ι

128 1443 221 1482 κοντες
244 1417 442 1496 ὀλοφύρονται,
467 1418 522 1480 ὅσα
545 1444 594 1496 μιν
617 1418 660 1477 δεῖ
682 1417 745 1476 ἐπεί
763 1442 794 1476 τε
819 1418 928 1498 ἐγένετο

127 1504 291 1583 α’ναπλῆσαι
308 1507 388 1590 κακά,
403 1505 585 1590 ἀνηγεόμενοι
604 1504 640 1565 τό
661 1502 821 1580 άνθρωπήῖα
836 1503 928 1564 πάντα

124 1594 227 1656 πάθεα·
240 1595 290 1658 τόν
300 1595 323 1656 δ’
332 1594 538 1678 ἀπογενόμενον
547 1593 691 1666 παίζοντές
700 1619 731 1653 τε
741 1593 788 1652 καὶ
797 1591 928 1671 ἡδόμενοι

126 1686 165 1762 γῇ
182 1683 343 1760 κρύπτουσι,
358 1684 534 1764 ἐπιλέγοντες
549 1683 624 1743 ὅσων
642 1685 732 1741 κακῶν
749 1680 927 1759 ἐξαπαλλαχ-

91 1768 182 1830 ὅθεὶς
206 1771 267 1827 ἔστι
290 1774 319 1827 ἐν
342 1770 421 1846 πάσῃ
447 1770 615 1847 εὐδαιμονίῃ.
657 1773 693 1827 Οἱ
717 1769 747 1826 δὲ
773 1767 928 1844 κατύπερθε

127 1854 333 1930 Κρηστωναίων
346 1858 458 1913 ποιεῦσι
473 1855 574 1914 τοιάδε·
597 1858 653 1932 ἔχει
665 1859 796 1934 γυναῖκας
810 1857 928 1919 ἕκαστος

127 1940 248 2004 πολλάς·
267 1941 349 2001 ἐπεάν
360 1940 397 1999 ῶν
409 1967 451 2003 τις
466 1940 555 2000 αὐτῶν
565 1939 701 2016 άποθάνη,
718 1941 809 2016 κρίσις
822 1943 928 2020 γίνεται

125 2029 238 2111 μεγάλη
258 2033 313 2090 τῶν
333 2031 470 2109 γυναικῶν
491 2026 536 2085 καὶ
558 2026 649 2101 φίλων
670 2026 792 2085 σπουδαὶ
814 2031 928 2107 ἰσχυραὶ

90 2135 92 2139 “
125 2118 191 2193 περὶ
207 2117 295 2187 τοῦδε,
310 2115 371 2192 ἧτις
390 2115 493 2174 αύτέων
512 2114 640 2190 ἐφιλέετο
658 2113 786 2190 μάλιστα
802 2115 857 2176 ύπό
877 2122 928 2177 τοῦ

125 2204 233 2281 α’νδρός·
253 2205 273 2280 ἢ
294 2202 317 2262 δ’
338 2201 372 2262 ἂν
393 2203 474 2281 κριθῇ
495 2203 541 2260 καὶ
564 2203 677 2281 τιμηθῇ,
701 2205 927 2283 ἐγκωμιασθεῖσα

124 2289 180 2350 ύπό
196 2316 227 2350 τε
243 2291 350 2367 άνδρῶν
364 2290 410 2349 καὶ
422 2293 558 2371 γυναικῶν
572 2289 711 2366 σφάζεται
725 2295 752 2353 ἐς
767 2290 817 2352 τόν
834 2291 927 2367 τάφον

124 2377 180 2438 ύπό
195 2383 247 2438 τοῦ
262 2377 435 2454 οἶκηῖοτάτου
452 2382 560 2454 ἑωυτῆς,
575 2379 742 2457 σφαχθεῖσα
756 2378 786 2437 δὲ
802 2378 925 2438 συνθάπ-

124 2492 202 2527 τεται
226 2471 265 2546 τῷ
288 2465 375 2542 α’νδρί·
404 2470 432 2526 αἱ
458 2467 488 2526 δὲ
511 2466 599 2525 ἄλλαι
623 2465 777 2544 συμφορὴν
798 2465 927 2545 μεγάλην

124 2557 276 2614 ποιεῦνται·
297 2552 400 2618 ὄνειδος
412 2554 468 2636 γάρ
483 2562 539 2631 σφι
552 2559 635 2614 τοῦτο
648 2555 785 2635 μέγιστον
796 2553 913 2634 γίνεται.

91 2642 109 2700 6
164 2646 226 2702 Τῶν
242 2642 272 2701 δέ
288 2641 322 2719 δὴ
336 2641 431 2702 ἄλλων
445 2643 570 2720 Θρηίκων
584 2642 645 2701 ἐστὶ
662 2639 708 2700 ὅδε
724 2640 741 2702 ό
756 2640 850 2717 νόμος·
871 2668 927 2700 πω-

124 2731 207 2789 λεῦσι
226 2729 262 2791 τοὶ
280 2731 363 2791 τέκνα
382 2730 423 2789 ἐπ’
442 2731 578 2811 ἐξαγωγῇ·
599 2729 649 2792 τοῖς
669 2729 698 2788 δὲ
718 2729 873 2804 παρθένους
894 2729 927 2788 ού

125 2818 312 2892 φυλάσσουσι
326 2817 391 2877 άλλ’
403 2823 470 2878 ἐῶσι
481 2819 538 2878 οἶσι
549 2817 629 2878 αὐτοὶ
641 2816 797 2894 βούλονται
807 2817 925 2895 άνδράσι

123 2905 288 2987 μίσγεσθαι,
309 2907 359 2969 τός
380 2906 409 2964 δὲ
429 2909 560 2987 γυναῖκας
585 2909 705 2983 ἰσχυρῶς
728 2905 924 2980 φυλάσσουσι·

124 2993 170 3053 καὶ
181 2992 308 3054 ῶνέονται
318 2995 368 3058 τός
376 2998 508 3076 γυναῖκας
516 2993 592 3070 παρά
601 2998 655 3052 τῶν
663 2995 766 3074 γονέων
774 2993 926 3072 χρημάτων

121 3083 264 3164 μεγάλων·
284 3083 331 3142 καὶ
349 3083 382 3143 τό
402 3085 455 3159 μὲν
473 3083 603 3160 ἐστίχθαι
622 3079 728 3160 εὐγενὲς
747 3080 878 3166 κέκριται,
891 3080 925 3138 τό

43 3167 292 3240 ,θ’ἆοπικτον
309 3170 434 3253 άγεννές·
457 3167 546 3252 άργόν
562 3168 633 3228 εἶναι
651 3166 818 3236 κάλλιστον,
828 3170 883 3246 γῆς
898 3166 930 3224 δὲ

139 3253 229 3330 ‘dvm
244 3257 441 3338 α’τιμότατον·
462 3260 495 3322 τό
511 3258 565 3340 ζῇν
579 3256 639 3318 άπό
653 3256 787 3330 πολέμου
801 3253 849 3310 καλ
858 3255 944 3324 ληισ-
