2024 3450
84 107 191 172 88-91]
394 108 582 157 κκκκῙοΠΗ.
835 108 881 155 323

83 187 208 262 ἀληθέως
224 185 408 266 ἐπειγόμενος,
423 186 469 242 καὶ
482 185 533 260 τὴν
542 184 698 265 μεσόγαιαν
710 184 821 262 τάμνων
833 189 883 260 τῆς

83 273 158 333 ὁδοῦ·
180 274 225 331 καὶ
243 274 401 332 ἀπικνέεται
423 277 457 339 ε’ς,
471 271 629 345 Βυζάντιον,
652 273 813 333 καταλιπιῦν
833 278 883 334 τοῦ

82 367 205 439 στρατοῦ
218 365 267 421 τοῦ
282 364 379 419 ἑαυτοῦ
393 355 514 438 συχνούς
524 358 579 418 ύπό
590 359 714 435 Θρηίκων
723 384 754 420 τε
767 388 878 421 κατακο·

82 450 182 513 πέντας
201 449 259 508 κατ’
272 448 345 520 όδάν,
361 448 408 504 καὶ
425 452 498 526 λιμῷ
516 443 676 509 συστάντας
694 448 740 505 καὶ
758 448 878 529 καμάτῳ·
944 498 945 501 ¹

83 543 112 596 ε’κ
134 537 284 608 Βυζαντίου
305 536 335 594 δὲ
356 535 437 610 διέβη
458 535 595 593 πλοίοισι.
637 531 718 596 οὗτος
735 537 792 611 Ιμὲν
812 537 881 596 οὕτω

81 624 258 698 ἀπενόστησε
272 628 299 685 ε’ς
312 623 365 698 την
377 622 486 698 Ἀσίην.

122 715 178 786 Τῆς
199 711 228 770 δὲ
248 708 333 785 αύτῆς
353 709 457 785 ἡμέρης
476 713 587 785 τῆσπερ
611 714 640 769 ε’ν
660 712 825 793 Πλαταιῇσι
848 711 881 771 τό
891 717 929 773 90

80 802 177 873 τρῶμα
191 798 307 878 ἐγένετο,
322 797 494 873 συνεκύρησε
511 792 703 876 γενέσθαικαὶ
717 800 746 855 ε’ν
759 797 882 878 Μυκάλη

80 889 130 959 τῆς
150 884 263 960 Ἰωνίης.
306 885 364 942 ε’πεὶ
386 884 440 965 γάρ
461 883 495 960 δη
517 889 545 943 ε’ν
561 888 597 963 τῇ
614 883 701 964 Δήλῳ
720 884 836 943 κατέατο
855 889 882 946 οἱ

77 971 214 1048 Ἕλληνες
226 976 254 1031 οἱ
269 977 297 1055 έν
310 977 379 1050 τῇσι
395 972 477 1048 νηυσὶ
496 971 554 1049 ἅμα
567 973 723 1052 Λευτυχιδη
742 976 781 1052 τῷ
793 981 881 1048 Λακε·

80 1060 210 1141 δαιμονίῳ
223 1060 394 1139 ἀπικόμενοι,
408 1058 498 1138 ἦλθόν
511 1069 567 1140 σφι
581 1061 698 1146 ἀγγελοι
712 1060 768 1123 α’πά
783 1062 880 1141 Σάμου

34 1204 35 1207 ,
78 1148 204 1225 Λάμπων
215 1177 246 1210 τε
259 1152 440 1228 Θρασυκλέος
454 1152 499 1210 καὶ
508 1150 699 1233 ’λθηναγόρης
708 1150 879 1229 Ἀρχεστρα-

77 1237 155 1296 τίδεω
171 1240 217 1297 καὶ
234 1238 463 1320 Ἡγησίστρατος
476 1238 690 1320 Ἀρισταγόρεω,
705 1240 879 1314 πεμφθέντες

76 1323 131 1384 ύπά
146 1328 258 1402 Σαμίων
276 1325 369 1402 λάθρη
388 1330 450 1390 τῶν,
458 1351 489 1383 τε
509 1328 642 1400 Περσέων
659 1325 704 1381 καὶ
720 1329 771 1382 τοῦ
783 1325 879 1400 τυράν-

77 1435 126 1469 νου
139 1412 337 1487 Θεομήστορος
354 1416 404 1468 τοῦ
423 1410 669 1486 Ἀνδροδάμαντος,
683 1410 732 1468 τόν
746 1411 878 1488 κατέστη-

78 1522 134 1556 σαν
158 1497 254 1573 Σάμου
280 1496 415 1576 τύραννον
443 1499 470 1554 οἱ
497 1497 618 1573 Πέρσαι·
654 1496 826 1557 ε’πελθόντων
850 1499 881 1559 δέ

78 1589 175 1660 σφεων
195 1584 241 1642 ἐπὶ
261 1583 326 1646 τοῦς
346 1582 528 1664 στρατηγούς,
550 1584 630 1665 ἔλεγε
652 1583 879 1665 Ἡγησίστρατος

77 1670 174 1730 πολλαὶ
188 1672 233 1728 καὶ
247 1675 375 1730 παντοῖα·
398 1670 433 1735 ὦς
446 1669 480 1745 ἢν
498 1667 601 1747 μοῦνον
615 1672 724 1731 ἰ’δωνται
737 1670 838 1736 αύτοῦς
851 1678 878 1734 οἶ

74 1750 165 1822 Ἴωνες
184 1757 398 1834 ἀποστήσονται
418 1758 474 1818 ἀπό
496 1760 636 1836 Περσέων,
651 1760 697 1818 καὶ
716 1758 751 1822 ὦς
768 1762 794 1818 οἱ
806 1760 877 1838 βάρ

76 1848 163 1923 βαροι
180 1845 230 1906 ούκ
246 1845 442 1922 ὑπομενέουσι·
463 1845 497 1922 ἢν
516 1847 546 1906 δὲ
566 1848 611 1906 καὶ
630 1846 684 1924 άρα
699 1846 876 1924 ῦπομείνωσι,

77 1933 127 1993 οῦκ
143 1936 238 2012 ἑτέρην
257 1933 345 2014 ἄγρην
366 1932 496 2010 τοιαύτην
513 1934 600 2011 εῦρεῖν
618 1933 652 1994 ἀν
670 1935 778 1997 αύτούς·
800 1937 877 2000 θεούς

75 2048 106 2081 τε
127 2022 234 2085 κοινοῦς
255 2021 422 2091 ἀνακαλέων,
443 2023 605 2098 προέτρεπε,
617 2021 715 2083 αύτούς
735 2021 877 2096 ῥύσασθαι

76 2109 175 2188 ἄνδρας
197 2110 342 2186 Ἕλληνας
363 2116 393 2170 ἐκ
414 2109 587 2185 δουλοσύνης
606 2109 652 2168 καὶ
669 2109 812 2185 ἀπαμῦναι
829 2109 878 2169 τόν

74 2199 235 2278 βάρβαρον·
258 2197 369 2263 εύπετές
382 2226 412 2259 τε
426 2198 545 2268 αύτοῦσι,
561 2199 623 2273 ἔφη,
638 2201 725 2256 ταῦτα
738 2197 876 2277 γίνεσθαι·

74 2288 124 2350 τάς
136 2315 168 2347 τε
180 2289 235 2370 γάρ
249 2289 312 2351 νέας
325 2287 415 2348 αὐτῶν
429 2291 518 2352 κακῶς
530 2287 626 2346 πλέειν
639 2286 684 2344 καὶ
699 2283 748 2345 οῦκ
762 2285 876 2364 ἀξιομά-

74 2399 142 2449 χους
162 2377 278 2436 κείνοισι
294 2377 372 2437 εἶναι·
394 2374 474 2436 αύτοί
489 2402 528 2445 τε,
549 2375 616 2434 εἴτι
632 2373 820 2435 ὑποπτεύουσι
834 2375 875 2453 μὴ

75 2460 148 2539 δόλῳ
162 2462 261 2526 αύτούς
278 2464 436 2545 προάγοιεν,
452 2468 557 2541 ἑτοῖμοι
574 2464 643 2523 εἶναι
661 2467 690 2523 έν
708 2468 776 2542 τῇσι
794 2466 880 2540 νηυσὶ,

74 2551 142 2624 τῇσι
156 2550 263 2608 ἐκείνων
276 2549 408 2629 ἀγόμενοι
420 2551 521 2627 ὅμηροι
538 2551 615 2610 εἶναι.
656 2551 704 2614 Ὡς
721 2553 750 2610 δὲ
766 2552 875 2615 πολλός
885 2555 919 2612 91

74 2633 109 2709 ἦν
122 2635 294 2711 λισσόμενος
307 2635 323 2695 ὁ
337 2637 423 2705 ξεῖνος
437 2637 452 2696 ό
467 2637 580 2714 Σάμιος,
596 2641 683 2716 εἴρετο
697 2641 873 2719 Λευτυχίδης,

75 2723 129 2782 εἴτε
143 2722 276 2802 κληδόνος
290 2723 390 2783 εἵνεκεν
404 2725 493 2784 θέλων
509 2725 656 2797 πυθέσθαι,
671 2728 725 2787 εἴτε
743 2729 788 2787 καὶ
805 2728 874 2787 κατά

74 2813 225 2891 συντυχίην
239 2812 303 2873 θεοῦ
317 2816 467 2875 ποιεῦντος·
489 2813 537 2872 “ὦ
551 2814 621 2883 ξεῖνε
632 2814 728 2890 Σάμιε,
743 2818 773 2874 τί
783 2841 827 2874 τοι
839 2814 873 2873 τό

74 2898 212 2976 οὕνομα;”
233 2899 249 2960 ό
268 2901 297 2958 δὲ
316 2899 384 2958 εἶπε·
407 2900 685 2982 “Ἡγησίστρατος·”
705 2903 721 2961 ό
739 2903 768 2960 δὲ
787 2900 873 2976 ῦπαρ-

73 2985 167 3051 πάσας
179 2988 229 3048 τάν
242 2989 389 3048 ἐπίλοιπον
402 2987 497 3070 λόγον,
513 2992 538 3050 εἴ
552 3017 613 3050 τινα
629 2990 735 3067 ὅρμητο
751 2989 844 3068 λέγειν
857 2987 874 3047 ό

72 3071 307 3152 Ἡγησίστρατος,
340 3077 409 3135 εἶπε·
444 3087 462 3113 “
470 3077 584 3155 δέκομαι
614 3077 664 3137 τόν
691 3075 797 3143 οἰωνόν,
824 3073 874 3132 τόν

72 3157 308 3239 Ἡγησίστρατον,
331 3163 352 3225 ὦ
373 3165 447 3238 ξεῖνε
466 3166 569 3244 Σάμιε·
609 3163 646 3222 σδ
665 3164 705 3220 λῦε
723 3162 795 3234 ἡμῖν
820 3158 909 3252 τάκεῖ

61 3244 133 3308 ὅκως
145 3246 232 3313 αύτάς
249 3277 282 3311 τε
302 3253 370 3321 δούς
389 3257 494 3318 πίστιν
515 3249 743 3315 ἀποπλεύσεαι,
757 3243 811 3301 κᾶν
830 3240 934 3294 ΜΨ
