<?xml version="1.0" encoding="UTF-8"?>
<!DOCTYPE html PUBLIC "-//W3C//DTD XHTML 1.0 Transitional//EN"
    "http://www.w3.org/TR/xhtml1/DTD/xhtml1-transitional.dtd">
<html xmlns="http://www.w3.org/1999/xhtml" xml:lang="en" lang="en">
 <head>
  <title>
</title>
<meta http-equiv="Content-Type" content="text/html;charset=utf-8" />
  <meta name='ocr-system' content='tesseract 3.04.00' />
  <meta name='ocr-capabilities' content='ocr_page ocr_carea ocr_par ocr_line ocrx_word'/>
</head>
<body>
  <div class='ocr_page' id='page_1' title='image "./recensuitjoseph01herogoog/recensuitjoseph01herogoog_0048.png"; bbox 0 0 2024 3450; ppageno 0'>
   <div class='ocr_carea' id='block_1_1' title="bbox 75 97 934 1483">
    <p class='ocr_par' dir='ltr' id='par_1_1' title="bbox 75 97 934 1483">
     <span class='ocr_line' id='line_1_1' title="bbox 79 97 881 159; baseline 0.007 -14"><span class='ocrx_word' id='word_1_1' title='bbox 79 97 187 159; x_wconf 76' lang='grc' dir='ltr'>ω-αο]</span> <span class='ocrx_word' id='word_1_2' title='bbox 373 99 576 148; x_wconf 71' lang='grc' dir='ltr'>τανυικονυ.</span> <span class='ocrx_word' id='word_1_3' title='bbox 851 102 881 153; x_wconf 80' lang='lat'>³7</span> 
     </span>
     <span class='ocr_line' id='line_1_2' title="bbox 76 176 881 259; baseline 0.004 -22"><span class='ocrx_word' id='word_1_4' title='bbox 76 176 207 254; x_wconf 80' lang='grc' dir='ltr'>μάλιστά</span> <span class='ocrx_word' id='word_1_5' title='bbox 221 205 256 254; x_wconf 90' lang='grc' dir='ltr'>κη</span> <span class='ocrx_word' id='word_1_6' title='bbox 270 177 328 238; x_wconf 85' lang='grc' dir='ltr'>ἀπά</span> <span class='ocrx_word' id='word_1_7' title='bbox 341 181 392 254; x_wconf 81' lang='grc' dir='ltr'>τῆς</span> <span class='ocrx_word' id='word_1_8' title='bbox 405 179 505 240; x_wconf 78' lang='grc' dir='ltr'>πόλιος</span> <span class='ocrx_word' id='word_1_9' title='bbox 519 178 554 240; x_wconf 79' lang='grc' dir='ltr'>ὦς</span> <span class='ocrx_word' id='word_1_10' title='bbox 569 180 658 239; x_wconf 85' lang='grc' dir='ltr'>εἴκοσι</span> <span class='ocrx_word' id='word_1_11' title='bbox 679 179 787 259; x_wconf 88' lang='grc' dir='ltr'>ἀπέχει·</span> <span class='ocrx_word' id='word_1_12' title='bbox 810 180 881 257; x_wconf 82' lang='grc' dir='ltr'>ἱδρυ·</span> 
     </span>
     <span class='ocr_line' id='line_1_3' title="bbox 77 264 882 346; baseline 0.002 -21"><span class='ocrx_word' id='word_1_13' title='bbox 77 267 197 343; x_wconf 82' lang='grc' dir='ltr'>σάμενοι</span> <span class='ocrx_word' id='word_1_14' title='bbox 217 266 246 325; x_wconf 83' lang='grc' dir='ltr'>δὲ</span> <span class='ocrx_word' id='word_1_15' title='bbox 267 270 297 325; x_wconf 83' lang='grc' dir='ltr'>ἐν</span> <span class='ocrx_word' id='word_1_16' title='bbox 309 266 399 344; x_wconf 77' lang='grc' dir='ltr'>τούτῳ</span> <span class='ocrx_word' id='word_1_17' title='bbox 411 269 450 344; x_wconf 79' lang='grc' dir='ltr'>τῷ</span> <span class='ocrx_word' id='word_1_18' title='bbox 462 264 552 344; x_wconf 76' lang='grc' dir='ltr'>χώρῳ,</span> <span class='ocrx_word' id='word_1_19' title='bbox 568 267 686 346; x_wconf 89' lang='grc' dir='ltr'>θυσίησί</span> <span class='ocrx_word' id='word_1_20' title='bbox 697 268 730 326; x_wconf 91' lang='grc' dir='ltr'>τέ</span> <span class='ocrx_word' id='word_1_21' title='bbox 744 273 821 342; x_wconf 88' lang='grc' dir='ltr'>σφεα</span> <span class='ocrx_word' id='word_1_22' title='bbox 835 270 882 328; x_wconf 83' lang='grc' dir='ltr'>καὶ</span> 
     </span>
     <span class='ocr_line' id='line_1_4' title="bbox 77 352 881 435; baseline 0.002 -23"><span class='ocrx_word' id='word_1_23' title='bbox 77 359 190 432; x_wconf 80' lang='grc' dir='ltr'>χοροῖσι</span> <span class='ocrx_word' id='word_1_24' title='bbox 203 353 390 434; x_wconf 75' lang='grc' dir='ltr'>γυναικηίοισι</span> <span class='ocrx_word' id='word_1_25' title='bbox 404 352 566 429; x_wconf 87' lang='grc' dir='ltr'>κερτόμοισι</span> <span class='ocrx_word' id='word_1_26' title='bbox 578 354 738 424; x_wconf 79' lang='grc' dir='ltr'>ἱλάσκοντο,</span> <span class='ocrx_word' id='word_1_27' title='bbox 752 361 881 435; x_wconf 80' lang='grc' dir='ltr'>χορηγῶν</span> 
     </span>
     <span class='ocr_line' id='line_1_5' title="bbox 77 440 934 518; baseline 0.005 -20"><span class='ocrx_word' id='word_1_28' title='bbox 77 441 313 517; x_wconf 70' lang='grc' dir='ltr'>ἀποδεικνυμένων</span> <span class='ocrx_word' id='word_1_29' title='bbox 333 443 447 518; x_wconf 78' lang='grc' dir='ltr'>ἑκατέρῃ</span> <span class='ocrx_word' id='word_1_30' title='bbox 465 444 520 498; x_wconf 81' lang='grc' dir='ltr'>τῶν</span> <span class='ocrx_word' id='word_1_31' title='bbox 536 440 671 516; x_wconf 80' lang='grc' dir='ltr'>δαιμόνων</span> <span class='ocrx_word' id='word_1_32' title='bbox 685 443 750 499; x_wconf 88' lang='grc' dir='ltr'>δέκα</span> <span class='ocrx_word' id='word_1_33' title='bbox 764 441 878 518; x_wconf 79' lang='grc' dir='ltr'>ἀνδρῶν·</span> <span class='ocrx_word' id='word_1_34' title='bbox 932 455 934 458; x_wconf 72' lang='grc'>’</span> 
     </span>
     <span class='ocr_line' id='line_1_6' title="bbox 78 526 880 609; baseline 0.004 -24"><span class='ocrx_word' id='word_1_35' title='bbox 78 533 166 591; x_wconf 84' lang='grc' dir='ltr'>κακῶς</span> <span class='ocrx_word' id='word_1_36' title='bbox 189 529 217 587; x_wconf 80' lang='grc' dir='ltr'>δὲ</span> <span class='ocrx_word' id='word_1_37' title='bbox 239 527 374 609; x_wconf 73' lang='grc' dir='ltr'>ἠγόρευον</span> <span class='ocrx_word' id='word_1_38' title='bbox 393 531 419 587; x_wconf 88' lang='grc' dir='ltr'>οἱ</span> <span class='ocrx_word' id='word_1_39' title='bbox 436 528 517 605; x_wconf 85' lang='grc' dir='ltr'>χοροὶ</span> <span class='ocrx_word' id='word_1_40' title='bbox 536 526 622 604; x_wconf 85' lang='grc' dir='ltr'>ἀνδρα</span> <span class='ocrx_word' id='word_1_41' title='bbox 638 531 690 603; x_wconf 84' lang='grc' dir='ltr'>μ’ὲν</span> <span class='ocrx_word' id='word_1_42' title='bbox 709 527 813 598; x_wconf 73' lang='grc' dir='ltr'>οὐδένα,</span> <span class='ocrx_word' id='word_1_43' title='bbox 832 531 880 593; x_wconf 78' lang='grc' dir='ltr'>τοὶς</span> 
     </span>
     <span class='ocr_line' id='line_1_7' title="bbox 78 613 878 696; baseline 0.001 -23"><span class='ocrx_word' id='word_1_44' title='bbox 78 615 107 673; x_wconf 85' lang='grc' dir='ltr'>δέ</span> <span class='ocrx_word' id='word_1_45' title='bbox 130 617 279 693; x_wconf 78' lang='grc' dir='ltr'>ἐπιχωρίας</span> <span class='ocrx_word' id='word_1_46' title='bbox 300 619 440 696; x_wconf 78' lang='grc' dir='ltr'>γυναῖκας.</span> <span class='ocrx_word' id='word_1_47' title='bbox 482 613 557 689; x_wconf 81' lang='grc' dir='ltr'>ἦσαν</span> <span class='ocrx_word' id='word_1_48' title='bbox 582 615 611 672; x_wconf 84' lang='grc' dir='ltr'>δέ</span> <span class='ocrx_word' id='word_1_49' title='bbox 635 616 680 673; x_wconf 84' lang='grc' dir='ltr'>καὶ</span> <span class='ocrx_word' id='word_1_50' title='bbox 704 619 781 674; x_wconf 79' lang='grc' dir='ltr'>τοῖσι</span> <span class='ocrx_word' id='word_1_51' title='bbox 804 615 878 674; x_wconf 85' lang='grc' dir='ltr'>Ἐπι-</span> 
     </span>
     <span class='ocr_line' id='line_1_8' title="bbox 78 702 879 782; baseline -0.001 -22"><span class='ocrx_word' id='word_1_52' title='bbox 78 703 217 779; x_wconf 85' lang='grc' dir='ltr'>δαυρίοισι</span> <span class='ocrx_word' id='word_1_53' title='bbox 232 706 399 762; x_wconf 78' lang='grc' dir='ltr'>αἱτοιαῦται</span> <span class='ocrx_word' id='word_1_54' title='bbox 415 703 542 782; x_wconf 84' lang='grc' dir='ltr'>ἶροργίαι·</span> <span class='ocrx_word' id='word_1_55' title='bbox 558 703 612 762; x_wconf 80' lang='grc' dir='ltr'>εἰσὶ</span> <span class='ocrx_word' id='word_1_56' title='bbox 626 702 658 760; x_wconf 89' lang='grc' dir='ltr'>δέ</span> <span class='ocrx_word' id='word_1_57' title='bbox 671 709 726 777; x_wconf 93' lang='grc' dir='ltr'>σφι</span> <span class='ocrx_word' id='word_1_58' title='bbox 741 703 787 760; x_wconf 84' lang='grc' dir='ltr'>καὶ</span> <span class='ocrx_word' id='word_1_59' title='bbox 799 702 879 779; x_wconf 84' lang='grc' dir='ltr'>ἀρρη-</span> 
     </span>
     <span class='ocr_line' id='line_1_9' title="bbox 78 789 925 870; baseline 0.001 -22"><span class='ocrx_word' id='word_1_60' title='bbox 78 815 122 848; x_wconf 92' lang='grc' dir='ltr'>τοι</span> <span class='ocrx_word' id='word_1_61' title='bbox 133 793 262 870; x_wconf 80' lang='grc' dir='ltr'>ἶροργίαι.</span> <span class='ocrx_word' id='word_1_62' title='bbox 291 791 479 864; x_wconf 85' lang='grc' dir='ltr'>Κλεφθέντων</span> <span class='ocrx_word' id='word_1_63' title='bbox 493 790 522 848; x_wconf 83' lang='grc' dir='ltr'>δὲ</span> <span class='ocrx_word' id='word_1_64' title='bbox 535 791 619 849; x_wconf 79' lang='grc' dir='ltr'>τῶνδε</span> <span class='ocrx_word' id='word_1_65' title='bbox 632 795 687 849; x_wconf 81' lang='grc' dir='ltr'>τῶν</span> <span class='ocrx_word' id='word_1_66' title='bbox 701 789 877 870; x_wconf 76' lang='grc' dir='ltr'>ἀγαλμάτων,</span> <span class='ocrx_word' id='word_1_67' title='bbox 888 796 925 850; x_wconf 74' lang='lat'>84</span> 
     </span>
     <span class='ocr_line' id='line_1_10' title="bbox 79 875 879 961; baseline 0.003 -27"><span class='ocrx_word' id='word_1_68' title='bbox 79 878 107 934; x_wconf 85' lang='grc' dir='ltr'>οἱ</span> <span class='ocrx_word' id='word_1_69' title='bbox 125 875 298 961; x_wconf 81' lang='grc' dir='ltr'>Ἐπιδαύριοι</span> <span class='ocrx_word' id='word_1_70' title='bbox 319 880 395 935; x_wconf 83' lang='grc' dir='ltr'>τοῖσι</span> <span class='ocrx_word' id='word_1_71' title='bbox 414 875 590 953; x_wconf 87' lang='grc' dir='ltr'>Ἀθηναίοισι</span> <span class='ocrx_word' id='word_1_72' title='bbox 606 877 641 936; x_wconf 87' lang='grc' dir='ltr'>τά</span> <span class='ocrx_word' id='word_1_73' title='bbox 662 879 810 937; x_wconf 84' lang='grc' dir='ltr'>συνέθεντο</span> <span class='ocrx_word' id='word_1_74' title='bbox 831 877 879 936; x_wconf 72' lang='grc' dir='ltr'>οὐκ</span> 
     </span>
     <span class='ocr_line' id='line_1_11' title="bbox 79 963 878 1042; baseline 0.004 -22"><span class='ocrx_word' id='word_1_75' title='bbox 79 964 235 1022; x_wconf 88' lang='grc' dir='ltr'>ἐπετέλεον·</span> <span class='ocrx_word' id='word_1_76' title='bbox 256 966 414 1040; x_wconf 76' lang='grc' dir='ltr'>πέμψαντες</span> <span class='ocrx_word' id='word_1_77' title='bbox 432 964 461 1023; x_wconf 79' lang='grc' dir='ltr'>δὲ</span> <span class='ocrx_word' id='word_1_78' title='bbox 480 968 507 1023; x_wconf 84' lang='grc' dir='ltr'>οἱ</span> <span class='ocrx_word' id='word_1_79' title='bbox 519 963 663 1040; x_wconf 84' lang='grc' dir='ltr'>Ἀθηναῖοι</span> <span class='ocrx_word' id='word_1_80' title='bbox 677 965 788 1042; x_wconf 81' lang='grc' dir='ltr'>ἐμήνιον</span> <span class='ocrx_word' id='word_1_81' title='bbox 803 971 878 1023; x_wconf 82' lang='grc' dir='ltr'>τοῖσι</span> 
     </span>
     <span class='ocr_line' id='line_1_12' title="bbox 76 1048 877 1133; baseline 0.005 -26"><span class='ocrx_word' id='word_1_82' title='bbox 76 1048 290 1127; x_wconf 85' lang='grc' dir='ltr'>Ἐπιδαυρίοισι·</span> <span class='ocrx_word' id='word_1_83' title='bbox 314 1054 340 1109; x_wconf 83' lang='grc' dir='ltr'>οἱ</span> <span class='ocrx_word' id='word_1_84' title='bbox 362 1051 391 1109; x_wconf 80' lang='grc' dir='ltr'>δὲ</span> <span class='ocrx_word' id='word_1_85' title='bbox 413 1052 568 1128; x_wconf 83' lang='grc' dir='ltr'>ἀπέφαινον</span> <span class='ocrx_word' id='word_1_86' title='bbox 591 1050 667 1133; x_wconf 78' lang='grc' dir='ltr'>λόγῳ</span> <span class='ocrx_word' id='word_1_87' title='bbox 691 1053 725 1116; x_wconf 82' lang='grc' dir='ltr'>(ός</span> <span class='ocrx_word' id='word_1_88' title='bbox 748 1052 798 1111; x_wconf 78' lang='grc' dir='ltr'>οὐκ</span> <span class='ocrx_word' id='word_1_89' title='bbox 823 1053 877 1111; x_wconf 84' lang='grc' dir='ltr'>ἀδι-</span> 
     </span>
     <span class='ocr_line' id='line_1_13' title="bbox 77 1134 879 1223; baseline 0.004 -27"><span class='ocrx_word' id='word_1_90' title='bbox 77 1142 160 1198; x_wconf 81' lang='grc' dir='ltr'>κοῖεν·</span> <span class='ocrx_word' id='word_1_91' title='bbox 179 1137 252 1210; x_wconf 58' lang='grc' dir='ltr'>γὅσον</span> <span class='ocrx_word' id='word_1_92' title='bbox 268 1141 319 1215; x_wconf 78' lang='grc' dir='ltr'>μὲν</span> <span class='ocrx_word' id='word_1_93' title='bbox 337 1140 392 1219; x_wconf 88' lang='grc' dir='ltr'>γάρ</span> <span class='ocrx_word' id='word_1_94' title='bbox 408 1140 511 1219; x_wconf 88' lang='grc' dir='ltr'>χρόνον</span> <span class='ocrx_word' id='word_1_95' title='bbox 531 1134 606 1218; x_wconf 84' lang='grc' dir='ltr'>εἶχον</span> <span class='ocrx_word' id='word_1_96' title='bbox 624 1140 659 1199; x_wconf 83' lang='grc' dir='ltr'>τά</span> <span class='ocrx_word' id='word_1_97' title='bbox 677 1141 836 1223; x_wconf 85' lang='grc' dir='ltr'>α’γάλματαΙ</span> <span class='ocrx_word' id='word_1_98' title='bbox 852 1146 879 1199; x_wconf 89' lang='grc' dir='ltr'>ἐν</span> 
     </span>
     <span class='ocr_line' id='line_1_14' title="bbox 75 1225 876 1305; baseline 0.004 -22"><span class='ocrx_word' id='word_1_99' title='bbox 75 1231 112 1304; x_wconf 84' lang='grc' dir='ltr'>τῆ</span> <span class='ocrx_word' id='word_1_100' title='bbox 126 1225 212 1305; x_wconf 74' lang='grc' dir='ltr'>χαίρῃ,</span> <span class='ocrx_word' id='word_1_101' title='bbox 232 1228 382 1287; x_wconf 80' lang='grc' dir='ltr'>ἐπιτελέειν</span> <span class='ocrx_word' id='word_1_102' title='bbox 400 1228 436 1288; x_wconf 86' lang='grc' dir='ltr'>τά</span> <span class='ocrx_word' id='word_1_103' title='bbox 456 1229 614 1288; x_wconf 81' lang='grc' dir='ltr'>συνέθεντο·</span> <span class='ocrx_word' id='word_1_104' title='bbox 638 1231 696 1288; x_wconf 82' lang='grc' dir='ltr'>ἐπεὶ</span> <span class='ocrx_word' id='word_1_105' title='bbox 715 1231 744 1288; x_wconf 81' lang='grc' dir='ltr'>δὲ</span> <span class='ocrx_word' id='word_1_106' title='bbox 765 1234 876 1304; x_wconf 87' lang='grc' dir='ltr'>ε’στερῆ-</span> 
     </span>
     <span class='ocr_line' id='line_1_15' title="bbox 76 1313 879 1392; baseline 0 -20"><span class='ocrx_word' id='word_1_107' title='bbox 76 1315 145 1372; x_wconf 86' lang='grc' dir='ltr'>σθαι</span> <span class='ocrx_word' id='word_1_108' title='bbox 167 1314 264 1384; x_wconf 69' lang='grc' dir='ltr'>αότῶν,</span> <span class='ocrx_word' id='word_1_109' title='bbox 284 1313 316 1374; x_wconf 76' lang='grc' dir='ltr'>οὗ</span> <span class='ocrx_word' id='word_1_110' title='bbox 342 1316 446 1375; x_wconf 88' lang='grc' dir='ltr'>δίκαιον</span> <span class='ocrx_word' id='word_1_111' title='bbox 467 1316 537 1374; x_wconf 79' lang='grc' dir='ltr'>εἶναι</span> <span class='ocrx_word' id='word_1_112' title='bbox 559 1315 712 1392; x_wconf 72' lang='grc' dir='ltr'>ἀποφέρειν</span> <span class='ocrx_word' id='word_1_113' title='bbox 734 1319 781 1385; x_wconf 81' lang='grc' dir='ltr'>ἐτι,</span> <span class='ocrx_word' id='word_1_114' title='bbox 804 1315 879 1372; x_wconf 79' lang='grc' dir='ltr'>ἀλλά</span> 
     </span>
     <span class='ocr_line' id='line_1_16' title="bbox 76 1396 877 1483; baseline -0.002 -23"><span class='ocrx_word' id='word_1_115' title='bbox 76 1401 140 1464; x_wconf 77' lang='grc' dir='ltr'>τούς</span> <span class='ocrx_word' id='word_1_116' title='bbox 155 1396 268 1480; x_wconf 81' lang='grc' dir='ltr'>ἔχοντας</span> <span class='ocrx_word' id='word_1_117' title='bbox 286 1402 357 1461; x_wconf 60' lang='lat' dir='ltr'>adr&amp;</span> <span class='ocrx_word' id='word_1_118' title='bbox 371 1403 521 1483; x_wconf 82' lang='grc' dir='ltr'>Αἰγινήτας</span> <span class='ocrx_word' id='word_1_119' title='bbox 538 1403 722 1479; x_wconf 85' lang='grc' dir='ltr'>πρήσσεσθαι</span> <span class='ocrx_word' id='word_1_120' title='bbox 742 1405 877 1461; x_wconf 86' lang='grc' dir='ltr'>ἐκέλευον.</span> 
     </span>
    </p>
   </div>
   <div class='ocr_carea' id='block_1_2' title="bbox 77 1487 925 1740">
    <p class='ocr_par' dir='ltr' id='par_1_2' title="bbox 77 1487 925 1740">
     <span class='ocr_line' id='line_1_17' title="bbox 77 1487 878 1568; baseline 0.004 -24"><span class='ocrx_word' id='word_1_121' title='bbox 77 1487 152 1563; x_wconf 83' lang='grc' dir='ltr'>πρός,</span> <span class='ocrx_word' id='word_1_122' title='bbox 159 1493 247 1546; x_wconf 86' lang='grc' dir='ltr'>ταῦτα</span> <span class='ocrx_word' id='word_1_123' title='bbox 259 1488 404 1562; x_wconf 82' lang='grc' dir='ltr'>Ἀθηναῖοι</span> <span class='ocrx_word' id='word_1_124' title='bbox 415 1497 442 1551; x_wconf 86' lang='grc' dir='ltr'>ἐς</span> <span class='ocrx_word' id='word_1_125' title='bbox 452 1490 567 1568; x_wconf 81' lang='grc' dir='ltr'>Αἴγιναν</span> <span class='ocrx_word' id='word_1_126' title='bbox 578 1489 737 1564; x_wconf 80' lang='grc' dir='ltr'>πέμψαντες</span> <span class='ocrx_word' id='word_1_127' title='bbox 748 1488 878 1547; x_wconf 83' lang='grc' dir='ltr'>ἀπαίτεον</span> 
     </span>
     <span class='ocr_line' id='line_1_18' title="bbox 77 1573 878 1653; baseline 0.001 -22"><span class='ocrx_word' id='word_1_128' title='bbox 77 1573 114 1632; x_wconf 79' lang='grc' dir='ltr'>τά</span> <span class='ocrx_word' id='word_1_129' title='bbox 126 1573 288 1653; x_wconf 82' lang='grc' dir='ltr'>ἀγάλματα·</span> <span class='ocrx_word' id='word_1_130' title='bbox 311 1578 337 1631; x_wconf 78' lang='grc' dir='ltr'>οἱ</span> <span class='ocrx_word' id='word_1_131' title='bbox 351 1575 380 1630; x_wconf 84' lang='grc' dir='ltr'>δὲ</span> <span class='ocrx_word' id='word_1_132' title='bbox 394 1579 540 1652; x_wconf 83' lang='grc' dir='ltr'>Αἰγινῆται</span> <span class='ocrx_word' id='word_1_133' title='bbox 555 1576 674 1648; x_wconf 80' lang='grc' dir='ltr'>ἔφασαν,</span> <span class='ocrx_word' id='word_1_134' title='bbox 690 1576 777 1648; x_wconf 90' lang='grc' dir='ltr'>σφίσι</span> <span class='ocrx_word' id='word_1_135' title='bbox 791 1601 821 1631; x_wconf 89' lang='grc' dir='ltr'>τε</span> <span class='ocrx_word' id='word_1_136' title='bbox 833 1576 878 1632; x_wconf 86' lang='grc' dir='ltr'>καὶ</span> 
     </span>
     <span class='ocr_line' id='line_1_19' title="bbox 77 1658 925 1740; baseline 0.002 -22"><span class='ocrx_word' id='word_1_137' title='bbox 77 1659 255 1734; x_wconf 83' lang='grc' dir='ltr'>Ἀθηναίοισι</span> <span class='ocrx_word' id='word_1_138' title='bbox 269 1660 338 1718; x_wconf 83' lang='grc' dir='ltr'>εἶναι</span> <span class='ocrx_word' id='word_1_139' title='bbox 353 1658 430 1717; x_wconf 75' lang='grc' dir='ltr'>οὐδὲν</span> <span class='ocrx_word' id='word_1_140' title='bbox 443 1665 570 1740; x_wconf 89' lang='grc' dir='ltr'>πρῆγμα.</span> <span class='ocrx_word' id='word_1_141' title='bbox 612 1660 755 1736; x_wconf 83' lang='grc' dir='ltr'>Ἀθηναῖοι</span> <span class='ocrx_word' id='word_1_142' title='bbox 768 1663 818 1737; x_wconf 91' lang='grc' dir='ltr'>μέν</span> <span class='ocrx_word' id='word_1_143' title='bbox 833 1689 879 1720; x_wconf 89' lang='grc' dir='ltr'>νυν</span> <span class='ocrx_word' id='word_1_144' title='bbox 888 1667 925 1721; x_wconf 87' lang='grc'>85</span> 
     </span>
    </p>
   </div>
   <div class='ocr_carea' id='block_1_3' title="bbox 45 1745 923 3228">
    <p class='ocr_par' dir='ltr' id='par_1_3' title="bbox 76 1745 904 2175">
     <span class='ocr_line' id='line_1_20' title="bbox 78 1745 878 1826; baseline 0.005 -21"><span class='ocrx_word' id='word_1_145' title='bbox 78 1748 197 1826; x_wconf 90' lang='grc' dir='ltr'>λέγουσι</span> <span class='ocrx_word' id='word_1_146' title='bbox 218 1747 290 1824; x_wconf 83' lang='grc' dir='ltr'>μετά</span> <span class='ocrx_word' id='word_1_147' title='bbox 311 1747 362 1822; x_wconf 89' lang='grc' dir='ltr'>τῆν</span> <span class='ocrx_word' id='word_1_148' title='bbox 386 1745 538 1822; x_wconf 82' lang='grc' dir='ltr'>ἀπαίτησιν</span> <span class='ocrx_word' id='word_1_149' title='bbox 559 1748 755 1824; x_wconf 84' lang='grc' dir='ltr'>ἀποσταλῆναι</span> <span class='ocrx_word' id='word_1_150' title='bbox 773 1750 878 1825; x_wconf 81' lang='grc' dir='ltr'>τριήρεϊ</span> 
     </span>
     <span class='ocr_line' id='line_1_21' title="bbox 77 1833 880 1913; baseline 0.006 -22"><span class='ocrx_word' id='word_1_151' title='bbox 77 1837 130 1913; x_wconf 84' lang='grc' dir='ltr'>μιῆ</span> <span class='ocrx_word' id='word_1_152' title='bbox 148 1839 203 1894; x_wconf 77' lang='grc' dir='ltr'>τῶν</span> <span class='ocrx_word' id='word_1_153' title='bbox 221 1833 324 1903; x_wconf 82' lang='grc' dir='ltr'>ἀστῶν,</span> <span class='ocrx_word' id='word_1_154' title='bbox 338 1834 451 1897; x_wconf 77' lang='grc' dir='ltr'>τούτους</span> <span class='ocrx_word' id='word_1_155' title='bbox 471 1835 497 1893; x_wconf 79' lang='grc' dir='ltr'>οἳ</span> <span class='ocrx_word' id='word_1_156' title='bbox 515 1835 745 1913; x_wconf 81' lang='grc' dir='ltr'>ἀποπεμφθέντες</span> <span class='ocrx_word' id='word_1_157' title='bbox 759 1837 815 1896; x_wconf 82' lang='grc' dir='ltr'>ἀπό</span> <span class='ocrx_word' id='word_1_158' title='bbox 829 1844 880 1897; x_wconf 64' lang='grc' dir='ltr'>τοῦ</span> 
     </span>
     <span class='ocr_line' id='line_1_22' title="bbox 78 1921 904 2004; baseline 0.006 -25"><span class='ocrx_word' id='word_1_159' title='bbox 78 1926 172 1980; x_wconf 80' lang='grc' dir='ltr'>κοινοῦ</span> <span class='ocrx_word' id='word_1_160' title='bbox 186 1922 232 1980; x_wconf 84' lang='grc' dir='ltr'>καὶ</span> <span class='ocrx_word' id='word_1_161' title='bbox 246 1921 410 1997; x_wconf 84' lang='grc' dir='ltr'>ἀπικόμενοι</span> <span class='ocrx_word' id='word_1_162' title='bbox 424 1927 451 1984; x_wconf 82' lang='grc' dir='ltr'>ἐς</span> <span class='ocrx_word' id='word_1_163' title='bbox 464 1924 588 2003; x_wconf 80' lang='grc' dir='ltr'>Αἴγιναν,</span> <span class='ocrx_word' id='word_1_164' title='bbox 602 1924 637 1996; x_wconf 83' lang='grc' dir='ltr'>τά</span> <span class='ocrx_word' id='word_1_165' title='bbox 651 1923 801 2004; x_wconf 75' lang='grc' dir='ltr'>ἀγάλματα</span> <span class='ocrx_word' id='word_1_166' title='bbox 815 1931 877 1985; x_wconf 80' lang='grc' dir='ltr'>ταῦ·</span> <span class='ocrx_word' id='word_1_167' title='bbox 900 1921 904 1925; x_wconf 32' lang='grc'>’</span> 
     </span>
     <span class='ocr_line' id='line_1_23' title="bbox 76 2004 876 2088; baseline 0.003 -20"><span class='ocrx_word' id='word_1_168' title='bbox 76 2035 113 2068; x_wconf 90' lang='grc' dir='ltr'>τα</span> <span class='ocrx_word' id='word_1_169' title='bbox 126 2009 162 2073; x_wconf 76' lang='grc' dir='ltr'>ὥς</span> <span class='ocrx_word' id='word_1_170' title='bbox 174 2004 319 2086; x_wconf 85' lang='grc' dir='ltr'>σφετέρων</span> <span class='ocrx_word' id='word_1_171' title='bbox 338 2009 428 2078; x_wconf 77' lang='grc' dir='ltr'>ξόλων</span> <span class='ocrx_word' id='word_1_172' title='bbox 446 2011 530 2070; x_wconf 87' lang='grc' dir='ltr'>ἐόντα</span> <span class='ocrx_word' id='word_1_173' title='bbox 545 2017 692 2088; x_wconf 79' lang='grc' dir='ltr'>ἐπειρῶντο</span> <span class='ocrx_word' id='word_1_174' title='bbox 709 2017 738 2069; x_wconf 85' lang='grc' dir='ltr'>ἐκ</span> <span class='ocrx_word' id='word_1_175' title='bbox 755 2017 809 2071; x_wconf 82' lang='grc' dir='ltr'>τῶν</span> <span class='ocrx_word' id='word_1_176' title='bbox 825 2014 876 2088; x_wconf 82' lang='grc' dir='ltr'>βά-</span> 
     </span>
     <span class='ocr_line' id='line_1_24' title="bbox 77 2097 877 2175; baseline 0 -19"><span class='ocrx_word' id='word_1_177' title='bbox 77 2098 149 2173; x_wconf 92' lang='grc' dir='ltr'>θρων</span> <span class='ocrx_word' id='word_1_178' title='bbox 163 2098 333 2169; x_wconf 76' lang='grc' dir='ltr'>ἐξανασπᾶν,</span> <span class='ocrx_word' id='word_1_179' title='bbox 351 2097 395 2157; x_wconf 85' lang='grc' dir='ltr'>ἵνα</span> <span class='ocrx_word' id='word_1_180' title='bbox 409 2099 486 2173; x_wconf 89' lang='grc' dir='ltr'>σφέα</span> <span class='ocrx_word' id='word_1_181' title='bbox 500 2097 742 2175; x_wconf 73' lang='grc' dir='ltr'>ἀνακομίσωνται·</span> <span class='ocrx_word' id='word_1_182' title='bbox 755 2098 785 2156; x_wconf 77' lang='grc' dir='ltr'>οὐ</span> <span class='ocrx_word' id='word_1_183' title='bbox 801 2101 877 2157; x_wconf 86' lang='grc' dir='ltr'>δυνα-</span> 
     </span>
    </p>

    <p class='ocr_par' dir='ltr' id='par_1_4' title="bbox 45 2184 923 3228">
     <span class='ocr_line' id='line_1_25' title="bbox 45 2184 883 2264; baseline 0.001 -21"><span class='ocrx_word' id='word_1_184' title='bbox 45 2243 48 2247; x_wconf 81' lang='grc'>,</span> <span class='ocrx_word' id='word_1_185' title='bbox 75 2186 176 2256; x_wconf 76' lang='grc' dir='ltr'>μένους</span> <span class='ocrx_word' id='word_1_186' title='bbox 189 2185 218 2244; x_wconf 81' lang='grc' dir='ltr'>δὲ</span> <span class='ocrx_word' id='word_1_187' title='bbox 231 2184 319 2263; x_wconf 79' lang='grc' dir='ltr'>τούτῳ</span> <span class='ocrx_word' id='word_1_188' title='bbox 332 2189 371 2264; x_wconf 78' lang='grc' dir='ltr'>τῷ</span> <span class='ocrx_word' id='word_1_189' title='bbox 383 2185 477 2264; x_wconf 80' lang='grc' dir='ltr'>τρόπῳ</span> <span class='ocrx_word' id='word_1_190' title='bbox 491 2185 581 2245; x_wconf 78' lang='grc' dir='ltr'>αὐτῶν</span> <span class='ocrx_word' id='word_1_191' title='bbox 599 2190 744 2263; x_wconf 86' lang='grc' dir='ltr'>κρατῆσαι,</span> <span class='ocrx_word' id='word_1_192' title='bbox 760 2189 883 2263; x_wconf 65' lang='grc' dir='ltr'>περιβω</span> 
     </span>
     <span class='ocr_line' id='line_1_26' title="bbox 76 2271 878 2354; baseline 0.005 -24"><span class='ocrx_word' id='word_1_193' title='bbox 76 2271 178 2336; x_wconf 89' lang='grc' dir='ltr'>λόντας</span> <span class='ocrx_word' id='word_1_194' title='bbox 188 2273 301 2351; x_wconf 81' lang='grc' dir='ltr'>σχοινία</span> <span class='ocrx_word' id='word_1_195' title='bbox 313 2274 403 2332; x_wconf 77' lang='grc' dir='ltr'>’έλκειν</span> <span class='ocrx_word' id='word_1_196' title='bbox 416 2272 451 2332; x_wconf 83' lang='grc' dir='ltr'>τά</span> <span class='ocrx_word' id='word_1_197' title='bbox 462 2272 622 2354; x_wconf 76' lang='grc' dir='ltr'>ἀγάλματα·</span> <span class='ocrx_word' id='word_1_198' title='bbox 637 2275 686 2332; x_wconf 86' lang='grc' dir='ltr'>καί</span> <span class='ocrx_word' id='word_1_199' title='bbox 697 2281 753 2349; x_wconf 95' lang='grc' dir='ltr'>σφι</span> <span class='ocrx_word' id='word_1_200' title='bbox 764 2275 878 2334; x_wconf 79' lang='grc' dir='ltr'>ἕλκουσι</span> 
     </span>
     <span class='ocr_line' id='line_1_27' title="bbox 76 2355 877 2443; baseline 0.001 -24"><span class='ocrx_word' id='word_1_201' title='bbox 76 2362 201 2436; x_wconf 82' lang='grc' dir='ltr'>βροντήν</span> <span class='ocrx_word' id='word_1_202' title='bbox 211 2387 241 2421; x_wconf 93' lang='grc' dir='ltr'>τε</span> <span class='ocrx_word' id='word_1_203' title='bbox 256 2362 301 2419; x_wconf 78' lang='grc' dir='ltr'>καὶ</span> <span class='ocrx_word' id='word_1_204' title='bbox 316 2360 375 2437; x_wconf 84' lang='grc' dir='ltr'>ἅμα</span> <span class='ocrx_word' id='word_1_205' title='bbox 388 2363 423 2438; x_wconf 82' lang='grc' dir='ltr'>τῆ</span> <span class='ocrx_word' id='word_1_206' title='bbox 436 2362 546 2439; x_wconf 81' lang='grc' dir='ltr'>βροντῇ</span> <span class='ocrx_word' id='word_1_207' title='bbox 560 2361 681 2437; x_wconf 81' lang='grc' dir='ltr'>σεισμόν</span> <span class='ocrx_word' id='word_1_208' title='bbox 692 2355 877 2443; x_wconf 88' lang='grc' dir='ltr'>ἐπιγενέσθαι·</span> 
     </span>
     <span class='ocr_line' id='line_1_28' title="bbox 78 2447 876 2525; baseline 0.004 -20"><span class='ocrx_word' id='word_1_209' title='bbox 78 2447 141 2510; x_wconf 77' lang='grc' dir='ltr'>τούς</span> <span class='ocrx_word' id='word_1_210' title='bbox 160 2449 189 2506; x_wconf 82' lang='grc' dir='ltr'>δὲ</span> <span class='ocrx_word' id='word_1_211' title='bbox 205 2449 346 2525; x_wconf 87' lang='grc' dir='ltr'>τριηρίτας</span> <span class='ocrx_word' id='word_1_212' title='bbox 361 2447 425 2511; x_wconf 71' lang='grc' dir='ltr'>τούς</span> <span class='ocrx_word' id='word_1_213' title='bbox 444 2449 575 2511; x_wconf 79' lang='grc' dir='ltr'>ἕλκοντας</span> <span class='ocrx_word' id='word_1_214' title='bbox 588 2448 642 2507; x_wconf 75' lang='grc' dir='ltr'>ἀπό</span> <span class='ocrx_word' id='word_1_215' title='bbox 660 2451 777 2508; x_wconf 90' lang='grc' dir='ltr'>τουτέων</span> <span class='ocrx_word' id='word_1_216' title='bbox 792 2450 876 2509; x_wconf 79' lang='grc' dir='ltr'>ἀλλο-</span> 
     </span>
     <span class='ocr_line' id='line_1_29' title="bbox 78 2533 878 2611; baseline 0.003 -19"><span class='ocrx_word' id='word_1_217' title='bbox 78 2533 230 2610; x_wconf 80' lang='grc' dir='ltr'>φρονῆσαι·</span> <span class='ocrx_word' id='word_1_218' title='bbox 245 2535 384 2598; x_wconf 87' lang='grc' dir='ltr'>παθόντας</span> <span class='ocrx_word' id='word_1_219' title='bbox 399 2536 428 2594; x_wconf 82' lang='grc' dir='ltr'>δέ</span> <span class='ocrx_word' id='word_1_220' title='bbox 441 2539 531 2608; x_wconf 83' lang='grc' dir='ltr'>τοῦτο,</span> <span class='ocrx_word' id='word_1_221' title='bbox 546 2537 659 2596; x_wconf 88' lang='grc' dir='ltr'>κτείνειν</span> <span class='ocrx_word' id='word_1_222' title='bbox 673 2536 817 2611; x_wconf 88' lang='grc' dir='ltr'>ἀλλήλους</span> <span class='ocrx_word' id='word_1_223' title='bbox 831 2538 878 2596; x_wconf 78' lang='grc' dir='ltr'>ἅτε</span> 
     </span>
     <span class='ocr_line' id='line_1_30' title="bbox 77 2621 877 2701; baseline 0.004 -22"><span class='ocrx_word' id='word_1_224' title='bbox 77 2621 230 2698; x_wconf 85' lang='grc' dir='ltr'>πολεμίους</span> <span class='ocrx_word' id='word_1_225' title='bbox 249 2627 276 2684; x_wconf 79' lang='grc' dir='ltr'>ἐς</span> <span class='ocrx_word' id='word_1_226' title='bbox 290 2621 305 2681; x_wconf 82' lang='grc' dir='ltr'>δ</span> <span class='ocrx_word' id='word_1_227' title='bbox 320 2627 350 2680; x_wconf 81' lang='grc' dir='ltr'>ἐκ</span> <span class='ocrx_word' id='word_1_228' title='bbox 365 2622 474 2682; x_wconf 83' lang='grc' dir='ltr'>πόντων</span> <span class='ocrx_word' id='word_1_229' title='bbox 493 2624 540 2682; x_wconf 79' lang='grc' dir='ltr'>ἕνα</span> <span class='ocrx_word' id='word_1_230' title='bbox 558 2625 710 2698; x_wconf 89' lang='grc' dir='ltr'>λειφθέντα</span> <span class='ocrx_word' id='word_1_231' title='bbox 727 2624 877 2701; x_wconf 86' lang='grc' dir='ltr'>ἀνακομισ-</span> 
     </span>
     <span class='ocr_line' id='line_1_31' title="bbox 78 2708 923 2787; baseline -0.002 -19"><span class='ocrx_word' id='word_1_232' title='bbox 78 2710 160 2784; x_wconf 86' lang='grc' dir='ltr'>θῆναι</span> <span class='ocrx_word' id='word_1_233' title='bbox 182 2708 266 2768; x_wconf 77' lang='grc' dir='ltr'>αι’τόν</span> <span class='ocrx_word' id='word_1_234' title='bbox 288 2715 315 2772; x_wconf 80' lang='grc' dir='ltr'>ἐς</span> <span class='ocrx_word' id='word_1_235' title='bbox 329 2709 467 2786; x_wconf 76' lang='grc' dir='ltr'>Φάληρον.</span> <span class='ocrx_word' id='word_1_236' title='bbox 510 2708 655 2786; x_wconf 81' lang='grc' dir='ltr'>Ἀθηναῖοι</span> <span class='ocrx_word' id='word_1_237' title='bbox 673 2713 725 2787; x_wconf 88' lang='grc' dir='ltr'>μέν</span> <span class='ocrx_word' id='word_1_238' title='bbox 741 2740 788 2772; x_wconf 90' lang='grc' dir='ltr'>νυν</span> <span class='ocrx_word' id='word_1_239' title='bbox 807 2712 876 2771; x_wconf 77' lang='grc' dir='ltr'>οὕτω</span> <span class='ocrx_word' id='word_1_240' title='bbox 886 2711 923 2768; x_wconf 82' lang='grc'>86</span> 
     </span>
     <span class='ocr_line' id='line_1_32' title="bbox 77 2797 889 2878; baseline 0.002 -24"><span class='ocrx_word' id='word_1_241' title='bbox 77 2797 196 2877; x_wconf 89' lang='grc' dir='ltr'>λέγουσι</span> <span class='ocrx_word' id='word_1_242' title='bbox 218 2798 360 2877; x_wconf 90' lang='grc' dir='ltr'>γενέσθαι.</span> <span class='ocrx_word' id='word_1_243' title='bbox 402 2803 549 2878; x_wconf 84' lang='grc' dir='ltr'>Αἰγινῆται</span> <span class='ocrx_word' id='word_1_244' title='bbox 572 2800 608 2870; x_wconf 80' lang='grc' dir='ltr'>δὲ,</span> <span class='ocrx_word' id='word_1_245' title='bbox 629 2799 660 2858; x_wconf 77' lang='grc' dir='ltr'>οὐ</span> <span class='ocrx_word' id='word_1_246' title='bbox 682 2805 733 2877; x_wconf 85' lang='grc' dir='ltr'>μιῆ</span> <span class='ocrx_word' id='word_1_247' title='bbox 755 2802 799 2875; x_wconf 80' lang='grc' dir='ltr'>νηίΙ</span> <span class='ocrx_word' id='word_1_248' title='bbox 817 2799 889 2857; x_wconf 64' lang='grc' dir='ltr'>ἀπο·</span> 
     </span>
     <span class='ocr_line' id='line_1_33' title="bbox 78 2883 890 2969; baseline 0.009 -28"><span class='ocrx_word' id='word_1_249' title='bbox 78 2884 178 2944; x_wconf 91' lang='grc' dir='ltr'>κέσθαι</span> <span class='ocrx_word' id='word_1_250' title='bbox 189 2883 362 2961; x_wconf 81' lang='grc' dir='ltr'>Ἀθηναίους·</span> <span class='ocrx_word' id='word_1_251' title='bbox 384 2887 451 2961; x_wconf 87' lang='grc' dir='ltr'>μίαν</span> <span class='ocrx_word' id='word_1_252' title='bbox 463 2890 515 2962; x_wconf 83' lang='grc' dir='ltr'>μὲν</span> <span class='ocrx_word' id='word_1_253' title='bbox 528 2888 582 2969; x_wconf 86' lang='grc' dir='ltr'>γάρ</span> <span class='ocrx_word' id='word_1_254' title='bbox 598 2889 643 2945; x_wconf 88' lang='grc' dir='ltr'>καὶ</span> <span class='ocrx_word' id='word_1_255' title='bbox 657 2887 744 2967; x_wconf 77' lang='grc' dir='ltr'>ὀλίγῳ</span> <span class='ocrx_word' id='word_1_256' title='bbox 757 2891 890 2948; x_wconf 68' lang='grc' dir='ltr'>πλεῦνας4</span> 
     </span>
     <span class='ocr_line' id='line_1_34' title="bbox 77 2972 878 3053; baseline -0.001 -24"><span class='ocrx_word' id='word_1_257' title='bbox 77 2975 151 3048; x_wconf 85' lang='grc' dir='ltr'>μιῆς,</span> <span class='ocrx_word' id='word_1_258' title='bbox 165 2972 212 3031; x_wconf 84' lang='grc' dir='ltr'>καὶ</span> <span class='ocrx_word' id='word_1_259' title='bbox 233 2974 257 3031; x_wconf 82' lang='grc' dir='ltr'>εἲ</span> <span class='ocrx_word' id='word_1_260' title='bbox 276 2980 333 3049; x_wconf 91' lang='grc' dir='ltr'>σφι</span> <span class='ocrx_word' id='word_1_261' title='bbox 352 2973 392 3050; x_wconf 87' lang='grc' dir='ltr'>μῆ</span> <span class='ocrx_word' id='word_1_262' title='bbox 410 2975 508 3053; x_wconf 80' lang='grc' dir='ltr'>ἔτυχον</span> <span class='ocrx_word' id='word_1_263' title='bbox 523 2979 620 3034; x_wconf 83' lang='grc' dir='ltr'>ἐοῦσαι</span> <span class='ocrx_word' id='word_1_264' title='bbox 634 2975 699 3042; x_wconf 84' lang='grc' dir='ltr'>νέες,</span> <span class='ocrx_word' id='word_1_265' title='bbox 714 2973 878 3049; x_wconf 79' lang='grc' dir='ltr'>ἀπαμύνασ-</span> 
     </span>
     <span class='ocr_line' id='line_1_35' title="bbox 79 3056 891 3140; baseline -0.007 -23"><span class='ocrx_word' id='word_1_266' title='bbox 79 3059 126 3117; x_wconf 92' lang='grc' dir='ltr'>θαι</span> <span class='ocrx_word' id='word_1_267' title='bbox 139 3056 173 3120; x_wconf 61' lang='lat' dir='ltr'>&amp;v</span> <span class='ocrx_word' id='word_1_268' title='bbox 186 3060 327 3124; x_wconf 71' lang='grc' dir='ltr'>εὐπετέως·</span> <span class='ocrx_word' id='word_1_269' title='bbox 342 3060 419 3118; x_wconf 85' lang='grc' dir='ltr'>ἀλλά</span> <span class='ocrx_word' id='word_1_270' title='bbox 429 3066 559 3140; x_wconf 87' lang='grc' dir='ltr'>πολλῆσι</span> <span class='ocrx_word' id='word_1_271' title='bbox 568 3062 654 3137; x_wconf 78' lang='grc' dir='ltr'>νηυσὶ</span> <span class='ocrx_word' id='word_1_272' title='bbox 668 3063 812 3118; x_wconf 67' lang='grc' dir='ltr'>ἐπιπλέειν</span> <span class='ocrx_word' id='word_1_273' title='bbox 828 3063 891 3125; x_wconf 61' lang='grc' dir='ltr'>σφι</span> 
     </span>
     <span class='ocr_line' id='line_1_36' title="bbox 79 3144 915 3228; baseline -0.006 -22"><span class='ocrx_word' id='word_1_274' title='bbox 79 3147 124 3203; x_wconf 86' lang='grc' dir='ltr'>ε’πὶ</span> <span class='ocrx_word' id='word_1_275' title='bbox 145 3146 197 3221; x_wconf 83' lang='grc' dir='ltr'>τῆν</span> <span class='ocrx_word' id='word_1_276' title='bbox 212 3149 320 3226; x_wconf 76' lang='grc' dir='ltr'>χώρην·</span> <span class='ocrx_word' id='word_1_277' title='bbox 332 3147 423 3228; x_wconf 66' lang='grc' dir='ltr'>ιαὐτοὶ</span> <span class='ocrx_word' id='word_1_278' title='bbox 441 3149 473 3210; x_wconf 86' lang='grc' dir='ltr'>δέ</span> <span class='ocrx_word' id='word_1_279' title='bbox 495 3157 556 3227; x_wconf 85' lang='grc' dir='ltr'>σφι</span> <span class='ocrx_word' id='word_1_280' title='bbox 577 3151 664 3222; x_wconf 74' lang='grc' dir='ltr'>εἶξαι,</span> <span class='ocrx_word' id='word_1_281' title='bbox 681 3149 730 3205; x_wconf 69' lang='grc' dir='ltr'>καλ</span> <span class='ocrx_word' id='word_1_282' title='bbox 750 3145 784 3201; x_wconf 70' lang='grc' dir='ltr'>οἰι</span> <span class='ocrx_word' id='word_1_283' title='bbox 792 3144 915 3197; x_wconf 56' lang='lat' dir='ltr'>{wma-</span> 
     </span>
    </p>
   </div>
   <div class='ocr_carea' id='block_1_4' title="bbox 61 3221 948 3364">
    <p class='ocr_par' dir='ltr' id='par_1_5' title="bbox 61 3221 948 3364">
     <span class='ocr_line' id='line_1_37' title="bbox 61 3221 948 3364; baseline -0.059 -40"><span class='ocrx_word' id='word_1_284' title='bbox 61 3237 208 3364; x_wconf 56' lang='lat' dir='ltr'>J‘IaXZ‘fw</span> <span class='ocrx_word' id='word_1_285' title='bbox 223 3235 289 3316; x_wconf 57' lang='grc' dir='ltr'>(Οὐκ</span> <span class='ocrx_word' id='word_1_286' title='bbox 298 3239 404 3320; x_wconf 75' lang='grc' dir='ltr'>’ἔχουσι</span> <span class='ocrx_word' id='word_1_287' title='bbox 414 3239 448 3301; x_wconf 73' lang='grc' dir='ltr'>δὲ</span> <span class='ocrx_word' id='word_1_288' title='bbox 467 3245 560 3302; x_wconf 76' lang='grc' dir='ltr'>τοῦτο</span> <span class='ocrx_word' id='word_1_289' title='bbox 570 3239 768 3319; x_wconf 68' lang='grc' dir='ltr'>διασημῆναι</span> <span class='ocrx_word' id='word_1_290' title='bbox 783 3221 948 3298; x_wconf 50' lang='grc' dir='ltr'>ἀτρεκῶς,</span> 
     </span>
    </p>
   </div>
   <div class='ocr_carea' id='block_1_5' title="bbox 0 0 1016 3450">
    <p class='ocr_par' dir='ltr' id='par_1_6' title="bbox 0 0 1016 3450">
     <span class='ocr_line' id='line_1_38' title="bbox 0 0 1016 3450; baseline 0 0"><span class='ocrx_word' id='word_1_291' title='bbox 0 0 1016 3450; x_wconf 95' lang='lat' dir='ltr'> </span> 
     </span>
    </p>
   </div>
  </div>
 </body>
</html>
