2024 3450
156 97 202 145 168
237 150 247 167 .
459 107 643 156 ἨΡΟΔΟΤΟΤ
875 109 953 174 [VII

157 182 208 244 τόν
228 188 367 296 Θερμαῖον
388 184 532 248 κόλπον’
521 188 622 268 εγίνετο
646 191 685 268 τῶ
710 194 825 272 ναυτικῷ
848 197 960 301 στρατῷ

158 302 175 334 ο
166 273 277 338 πλόος
297 275 343 333 καὶ
357 279 412 356 γῆν
424 275 475 351 τὴν
488 269 675 356 Μυηδονίηνζι
670 247 786 337 πλέων
791 277 861 337 δὲ
843 280 960 340 απίκετο

159 363 185 426 ἔς
197 389 228 422 τε
241 363 292 439 τὴν
310 366 513 441 προειρημένην
526 365 653 442 Θέρμην
657 392 703 424 και
692 365 799 430 Σινδ
784 393 816 426 ον
831 393 862 426 τε
875 368 961 427 πόλιν

158 451 204 509 καὶ
218 451 396 528 Χαλέστρην,
410 453 456 510 ε’πὶ
470 451 525 512 ’τόν
544 451 640 522 Ἀξιόν
654 453 790 528 ποταμόν·
812 453 843 516 ὂς
857 453 959 530 οὐρίζει

157 537 252 618 χάρην
263 539 315 614 τὴν
328 540 533 620 Μυγδονίηντε
547 540 593 599 καὶ
607 541 838 616 Βοττιαιίδατῆς
859 543 958 619 ἔχουσι

157 626 190 687 τό
204 628 281 705 παρά
297 628 449 688 θάλασσαν
464 627 576 689 στεινόν
596 630 697 708 χωρίον
717 629 800 692 πόλις
817 627 908 704 Ἴχναι
930 657 960 689 τε

160 715 207 774 καὶ
222 715 335 774 Πέλλα.

113 803 170 861 124
219 803 253 863 ‘0
271 807 323 881 μὲν
340 803 373 879 δή
390 801 518 866 ναυτικάς
535 804 665 881 στρατός,
684 803 769 862 αὐτοῦ
786 804 849 880 περὶ
867 803 962 874 Ἀξιόν

159 891 286 999 ποταμόν
309 891 355 950 καὶ
377 891 463 951 πόλιν
484 893 596 969 Θέρμην
617 893 663 951 καὶ
683 891 733 955 τοῖς
753 891 857 969 μεταξι)
878 892 962 955 πόλις

157 980 283 1051 τουτέων,
297 979 465 1136 περιμένωνζ
462 980 598 1054 βασιλέα,
613 978 871 1093 ε’ρτρατοπεδεάετο.
894 981 960 1088 Ξέρ-

158 1064 261 1141 ξηςδ
252 1091 263 1124 ε
291 1066 336 1124 καὶ
363 1064 380 1125 6
413 1092 448 1125 πε
449 1066 495 1173 ζρς
527 1068 648 1144 στρατός
681 1068 827 1145 ε’πορευετο
856 1074 885 1128 ἐκ
911 1073 960 1144 τῆς

158 1150 356 1223 Ακάνθου,
322 1180 374 1229 την
395 1153 552 1236 μεσόγαιαν
570 1154 680 1232 τάμνων
697 1161 747 1231 τῆς
766 1155 839 1226 ὁδοῦ,
856 1158 960 1233 βουλο-

159 1267 243 1317 μενος
263 1246 290 1304 ές
309 1241 361 1318 τὴν
383 1243 495 1319 Θέρμην
515 1242 678 1303 ἀπικέσθαι·
701 1243 845 1321 ἐπορεύετο
867 1245 896 1303 δὲ
917 1245 960 1303 διά

157 1334 210 1405 τῆς
223 1336 376 1406 Παιονικῆς
390 1331 436 1389 καὶ
450 1337 650 1409 Κρηστωνικῆς
664 1335 709 1392 ἐπὶ
726 1332 853 1410 ποταμόν
872 1332 961 1410 Ἐχεί-

160 1417 255 1497 δωρον,
283 1419 313 1483 ὃς
345 1425 375 1480 ἐκ
407 1422 613 1497 Κρηστωναίων
643 1420 844 1499 α’ρξάμενος,“
831 1422 886 1497 ρέει
917 1421 961 1480 διά

160 1509 320 1588 Μυγδονίης
341 1507 440 1588 χώρης,
467 1509 513 1568 καὶ
537 1510 601 1578 ε’ξίει
625 1508 700 1586 παρά
724 1509 756 1569 τό
780 1509 895 1574 ἕλος
863 1537 895 1569 το
920 1509 961 1569 ε’π

114 1597 172 1654 125
180 1593 263 1675 Ἀξίῳ
284 1601 410 1676 ποταμῷ·
436 1599 619 1676 Πορευομένῳ
640 1597 670 1656 δὲ
689 1598 784 1677 ταύτῃ,
806 1599 961 1661 λέοντές
935 1625 961 1657 οι

161 1684 332 1759 ἐπεθήκαντο
350 1689 418 1763 τῇσι
437 1686 619 1762 σιτοφόροισι
641 1686 809 1763 καμήλοισι·
831 1692 962 1761 καταφοι-

160 1772 268 1834 τέοντες
290 1772 344 1852 γάρ
370 1775 396 1830 οἶ
420 1775 530 1836 λέοντες
551 1773 601 1836 τάς
623 1773 730 1843 νύκτας,
755 1776 800 1833 καὶ
821 1776 963 1838 λείποντες

160 1859 197 1917 τά
214 1861 341 1935 σφέτερα
357 1858 435 1934 ἤθεα,
452 1860 544 1920 ἄλλου
561 1864 613 1938 μὲν
632 1860 742 1924 οὐδενός
759 1863 882 1922 ἅπτοντο
901 1862 963 1920 οὔτε

159 1947 310 2028 ὑποζυγίου
329 1945 392 2007 οὔτε
411 1946 565 2024 άνθράπου,
584 1951 610 2006 οἱ
627 1948 657 2006 δὲ
674 1947 724 2010 ταὶς
745 1948 888 2023 καμήλους
908 1955 961 2006 ε’κε-

161 2034 257 2112 ράϊζον
270 2035 382 2112 μούνας.
425 2036 541 2113 θωμάζω
560 2035 589 2095 δὲ
606 2034 639 2095 τό
656 2037 743 2093 αἴτιον
762 2033 777 2093 ὅ
793 2060 821 2094 τι
839 2037 902 2093 κοτὲ
919 2033 962 2107 ἦν,

161 2127 217 2183 τῶν
230 2123 326 2184 ἄλλων
337 2123 370 2184 τό
387 2122 543 2204 ἀναγκάζον
561 2121 750 2200 ἀπεχομένους
767 2120 832 2182 τούς
848 2121 963 2183 λέοντας

160 2215 229 2290 τῇσι
260 2210 415 2286 καμήλοισι
446 2210 630 2270 ἐπιτίθεσθαι·
664 2206 697 2266 τά
730 2208 801 2283 μήτε
827 2207 963 2286 πρότερον

116 2300 173 2359 126
183 2298 335 2359 ὀπώπεσαν
356 2299 460 2374 θηρίον,
476 2295 540 2374 μήτ’
563 2296 739 2371 ἐπεπειρέατο
762 2295 855 2355 αὐτοῦ.
896 2298 963 2355 Εἰσὶ

163 2384 193 2444 δὲ
216 2384 285 2444 κατά
305 2389 394 2445 ταῦτα
416 2385 451 2443 τά
473 2384 560 2462 χωρία
583 2383 628 2440 καὶ
648 2383 759 2447 λέοντες
781 2383 894 2454 πολλοὶ,
917 2386 963 2442 καὶ

117 2515 122 2560 ‚¹
161 2472 267 2550 βόες*
249 2499 341 2556 αγριοι
357 2475 411 2533 τῶν
429 2471 465 2530 τά
484 2472 564 2548 κέρεα
582 2469 807 2551 ὖπερμεγάθεά’
794 2496 864 2541 εστι,
883 2471 918 2531 τοὶ
937 2499 964 2534 ες

156 2561 302 2638 Ελληνας
315 2560 474 2638 φοιτέοντα
516 2584 596 2636 ουρος
613 2559 643 2618 δὲ
659 2561 736 2619 τοῖσι
752 2560 883 2619 λέουσί’
870 2585 932 2619 εστι
948 2560 963 2618 ὅ

161 2678 193 2712 τε
216 2650 249 2710 δι
269 2650 453 2733 Ἀβδήρων
438 2649 508 2726 ρέων
528 2646 654 2724 ποταμός
677 2649 797 2719 Νέστος,
823 2649 868 2707 καὶ
890 2675 905 2707 ο
898 2645 964 2706 ε’δι

161 2739 343 2816 Ἀκαρνανίης
358 2738 428 2814 ῥέων
444 2736 598 2816 Ἀχελῷος·
620 2734 684 2796 οὔτε
702 2737 757 2817 γάρ
777 2735 810 2797 τά
826 2734 896 2813 πρός
913 2734 965 2809 τήν

163 2853 204 2904 ηω
229 2831 280 2887 τοῦ
306 2827 421 2885 Νέστου
448 2824 584 2901 οὐδαμόθι
610 2824 704 2900 πάσης
729 2827 779 2899 τῆς
806 2822 965 2900 ἔμπροσθεν

153 2914 300 2992 Εὔρωπης
312 2913 367 2974 ἴδοι
380 2939 422 2977 τις
439 2911 473 2973 ἂν
490 2912 646 2982 λέοντα,
614 2937 677 2972 ουτε
693 2911 764 2988 πρός
779 2910 899 2986 εσπέρης
914 2914 964 2967 τοῦ

145 2998 174 3058 Α
173 3004 327 3084 χελωου
310 3032 343 3066 εν
355 3032 393 3086 τῃ
380 3000 579 3086 ε’πιλοιπω
562 3002 680 3081 ηπείρω·
689 2997 758 3059 ἄλλ
775 3000 848 3058 ἒν
814 3023 853 3072 πη
865 2998 964 3072 μεταξῧ

127 3106 247 3152 τουτων
258 3120 323 3155 των
336 3099 485 3177 ποταμῶν
499 3096 641 3180 γίνονται
768 3143 770 3147 ,

56 3159 133 3224 127
190 3174 243 3244 Ὡς
256 3183 332 3244 δὲ’
314 3213 345 3251 ες
365 3215 428 3267 την
445 3188 577 3302 Θέρμην
598 3181 723 3246 ἀπίκετο
740 3201 759 3234 ο
743 3163 1008 3266 Ξὲρξὴῖιῦθωὶ

101 3266 210 3321 “¹²⁷⁰'‘
234 3294 302 3344 ”W
326 3279 507 3359 στρατιήν·
533 3276 658 3356 ἐπέσχε
681 3261 762 3328 33
748 3289 768 3324 ⁰
791 3277 920 3334 mum
939 3273 1010 3305 Μ)
