2024 3450
108 113 139 162 τι
412 106 594 154 Ἡνοιονοι
696 86 699 91 ’
841 105 927 169 [τι.Χ

110 188 257 264 Μιλησίου
284 186 516 262 πολιορκηθέντες
542 185 587 243 καὶ
613 183 759 261 προσόδων
787 186 908 246 ἐουσέων

110 277 261 356 μεγαλέων,
276 274 405 352 ἐχρέοντο
421 277 499 332 τοῖσι
516 271 645 351 χρήμασι
666 276 732 335 ναῦς
751 298 783 332 τε
805 298 908 349 ναυπη-

109 361 238 442 γεύμενοι
250 359 358 436 μακρῶς
371 359 418 418 καὶ
430 365 522 439 τεῖχος
541 359 721 437 ἰσχυρότερον
733 360 909 436 περιβαλλό-

109 473 196 525 μενοι.
229 447 247 522 ἡ
262 447 291 506 δέ
304 446 444 524 πρόσοδός
458 453 514 522 σφι
527 447 631 526 ἐγίνετο
645 447 674 504 ἐκ
686 471 718 505 τε
730 451 781 520 τῆς
792 445 909 523 ἠπείρου

111 536 157 593 καὶ
178 534 234 594 α’πὸ
255 538 311 594 τῶν
330 533 488 611 μετάλλων·
509 539 539 592 ἐκ
556 533 609 609 μέν
625 558 659 613 γε
676 536 730 592 τῶν
749 538 778 593 ἐν
791 534 910 610 Σκαπτῇ

105 623 190 702 Ὕλη,
202 626 258 683 τῶν
270 622 397 701 χρυσέων
409 619 565 697 μετάλλων,
579 619 612 679 τό
632 621 733 679 ἐπίπαν
751 618 910 698 ὀγδώκοντα

110 711 236 770 τάλαντα
249 708 379 786 προσήίε·
401 713 431 766 ἐκ
445 709 474 768 δέ
486 711 541 767 τῶν
560 713 589 766 ἐν
609 706 681 784 αὐτῇ
693 706 778 784 Θάσιρ
792 705 910 765 ἐλάσσω

110 801 162 874 μὲν
181 797 292 866 τούτων,
313 794 405 873 συχνά
423 795 453 854 δὲ
472 796 542 854 οὕτω
561 794 633 855 ὥστε
653 794 686 855 τό
708 795 809 853 ἐπίπαν
822 797 910 865 Θασί-

112 911 179 952 οισι,
204 887 282 943 ἐοῦσι
304 886 417 958 καρπῶν
437 882 559 952 άτελέσι,
585 882 705 959 προσηῖε
727 880 784 941 άπό
807 907 838 943 τε
861 886 911 957 τῆς

110 970 226 1046 η’πείρου
249 971 369 1028 καὶ-τῶν
390 969 540 1046 μετάλλων
553 971 627 1032 ἔτεος
641 969 760 1029 ἑκάστου
781 967 911 1043 διηκόσια

111 1055 244 1114 τάλαντα·
267 1055 312 1114 ὅτε
333 1057 363 1114 δὲ
383 1057 416 1115 τό
431 1060 568 1116 πλεῖστον
581 1058 737 1134 προσῆλθε,
751 1055 910 1139 τριηκόσια.

64 1144 102 1203 47
114 1142 198 1201 Εἶδον
219 1142 248 1200 δέ
268 1142 313 1200 καὶ
333 1140 466 1206 αὐτός”τά
483 1134 613 1220 μέταλλα
630 1149 727 1204 ταῦτα·
749 1145 795 1202 καὶ
814 1142 911 1222 μακρῷ

111 1229 146 1305 ἦν
169 1229 258 1289 αὐτῶν
277 1230 481 1307 θωμασιώτατα
498 1231 534 1291 τά
553 1235 580 1290 οἱ
599 1233 723 1295 Φοίνικες
740 1231 862 1307 ἀνεῦρον,
885 1234 913 1290 οἰ

112 1316 183 1394 μετιί
197 1316 295 1378 Θάσου
316 1318 461 1398 κτίσαντες
477 1319 529 1395 τὴν
544 1324 632 1395 νῆσον
651 1319 763 1395 ταύτην·
784 1318 852 1395 ἥτις.
862 1323 912 1379 νῦν

113 1406 159 1464 ε’πὶ
172 1409 222 1466 τοῦ
234 1406 333 1466 Θάσου
346 1406 446 1468 τούτου
459 1411 510 1467 τοῦ
523 1408 650 1471 Φοίνικος
661 1407 694 1467 τὸ
709 1406 813 1483 οὕνομα
834 1407 911 1484 έσχε.

112 1493 148 1553 τά
164 1494 193 1553 δὲ
208 1495 338 1571 μέταλλα
348 1494 387 1555 ’τά
405 1495 548 1556 Φοινικικὰ
560 1499 649 1555 ταῦτα
667 1496 729 1554 ἐστι
745 1499 796 1569 τῆς
814 1492 912 1567 Θάσου

111 1580 216 1657 μεταξιί
230 1583 353 1660 Αἰνύρων
366 1611 397 1644 τε
410 1584 502 1664 χώρου
517 1583 685 1659 καλεομένου
699 1582 745 1640 καί
759 1579 911 1658 Κοινύρων,

113 1667 206 1730 άντίον
228 1670 258 1729 δὲ
280 1673 484 1750 Σαμοθρηίκης·
506 1670 569 1750 ὄρος
589 1671 670 1750 μέγα,
685 1667 915 1744 ἀνεστραμμένονΙ

113 1759 142 1815 ἐν
162 1761 197 1834 τῇ
216 1757 340 1832 ζητήσέι.
371 1750 465 1819 ’τοῦτο
484 1760 536 1835 μέν
557 1784 604 1817 νυν
625 1758 686 1816 ἐστι
702 1760 821 1815 τοιοῦτο·
843 1755 914 1832 αἰδὲ

114 1841 216 1900 Θάσιοι
239 1848 277 1919 τῶ
299 1846 421 1917 βασιλέϊ
444 1845 608 1903 κελεύσαντι
621 1844 677 1920 καὶ
703 1842 735 1901 τό
762 1846 854 1921 τεῖχος
879 1842 914 1902 τὰ

114 1926 252 2004 σφέτερον
266 1932 403 2000 κατεῖλον,
414 1929 460 1986 καὶ
472 1929 522 1991 τοὶς
535 1930 597 1989 νέας
610 1927 660 1988 τοὶς
672 1927 766 1990 πάσας
777 1928 914 2004 ἐκόμισαν

115 2019 142 2076 ἐς
155 2011 298 2092 Ἄβδηρα.
323 2033 327 2040 “

66 2102 104 2160 48
117 2114 120 2121 ’
154 2101 236 2162 Μετά
249 2104 279 2162 δέ
292 2105 384 2169 τοῦτο,
398 2098 567 2176 α’πεπέιρᾶτο
581 2097 597 2157 ὅ
612 2098 730 2175 Δαρεῖος
743 2101 797 2158 τῶν
809 2098 913 2181 Ἑλλή.

114 2216 166 2249 νων
184 2189 200 2250 ὅ
218 2216 246 2249 τι
265 2194 294 2249 ἐν
315 2187 368 2265 νόῳ
388 2187 484 2264 ἔχοιεν,
499 2184 601 2264 κότερα
618 2188 765 2264 πολεμέειν
786 2191 875 2269 ἑωυτῷ
894 2193 913 2269 ἢ

115 2275 296 2352 παραδιδόναι
318 2272 540 2349 σφέαςάιίτοιίς.
582 2272 714 2352 διέπεμπε
737 2275 777 2353 ῶνγ
794 2277 913 2354 κήρυκας

117 2360 222 2422 ἄλλους
238 2360 314 2439 άλλη
332 2359 417 2430 τάξας
431 2359 483 2420 άνά
496 2363 547 2438 τὴν
560 2361 695 2433 Ἑλλάδα,
710 2364 828 2438 κελεύων
842 2369 912 2426 αἰτέ-

115 2473 154 2506 ειν
166 2448 288 2522 βασιλέϊ
299 2450 354 2529 γῆν
366 2474 397 2509 τε
411 2449 456 2508 καί
469 2448 550 2528 ὕδωρ.
584 2449 697 2512 τούτους
710 2450 808 2527 μὲνδὴ
822 2457 849 2515 ἐς
861 2454 913 2528 την

114 2532 240 2592 Ἑλλάδα
255 2536 368 2612 ἔπεμπε·
384 2534 489 2601 ἅλλους
500 2537 530 2596 δὲ
544 2536 663 2614 κήρυκας
677 2538 810 2615 διέπεμπε
824 2544 851 2602 ἐς
863 2540 913 2604 τὰς

118 2623 218 2680 ἑωυτοῦ
241 2622 439 2701 δασμοφόρους
461 2625 562 2688 πόλιας
583 2625 633 2688 τῶς
651 2628 911 2703 παραθαλασσίους,

116 2706 234 2784 κελεύων
250 2711 312 2773 νέας
329 2737 360 2770 τε
375 2713 482 2789 μακράς
501 2714 546 2771 καὶ
566 2714 715 2794 ἱππαγωγὰ
732 2717 819 2773 πλοῖα
837 2716 911 2773 ποιέ-
942 2746 947 2756 ·

67 2797 105 2853 49
118 2796 209 2855 εσθαι.
248 2795 326 2857 οὗτοί
336 2825 366 2857 τε
380 2799 413 2874 δη
426 2801 666 2877 παρεσκευάζοντο
679 2806 775 2861 ταῦτα·
798 2802 843 2860 καὶ
856 2806 912 2861 τοῖ-

116 2909 148 2941 σι
164 2882 265 2958 ἥκουσι
285 2889 312 2948 ἐς
331 2885 383 2961 την
396 2886 523 2946 Ἑλλάδα
544 2887 640 2964 κήρυξι
654 2890 759 2948 πολλοὶ
772 2891 823 2966 μὲν
836 2887 911 2964 ἠπει-

115 2972 221 3046 ρωτέων
245 2972 374 3033 ἐδίδοσαν
394 2972 429 3033 τά
452 2976 607 3054 προίσχετο
630 2977 725 3036 αἰτέων
749 2976 765 3037 o‘
789 2978 912 3054 Πέρσης,

105 3058 211 3122 παντες
223 3059 256 3120 δὲ
268 3063 298 3120 οἱ
310 3063 446 3139 νησιῶται
461 3066 488 3126 ἐς
500 3061 565 3126 τούς
576 3061 722 3123 ἀπικοίατο
743 3064 912 3138 αἰτήσοντες.

86 3142 128 3197 οἶ
142 3169 175 3202 τε
196 3146 238 3224 δή
256 3148 347 3211 ἄλλοι
369 3156 511 3231 νησιῶται
531 3151 648 3214 διδοῦσι
663 3156 720 3233 γῆν
740 3176 773 3210 τε
794 3149 840 3206 κοίι
855 3147 928 3219 ἷιδωρ

67 3227 194 3309 Δαρειέρ
209 3239 261 3297 καὶ
276 3240 317 3318 δή
329 3243 381 3302 καί
398 3248 571 3327 Αἰγινῆται·
593 3239 748 3316 ποιήσασι
758 3236 793 3294 δέ
807 3239 865 3306 σφι
880 3234 945 3287 ταῖι.
