2024 3450
115 117 161 164 258
422 111 603 164 ἨΡΟΔΟΤΟΤ
825 112 920 178 [VIII.

113 194 146 253 τό
161 191 293 269 δράμημα
301 193 356 251 τιῖν
372 190 463 260 ἵππων
476 193 610 251 καλέουσι
624 191 737 269 Πέρσαι
751 190 921 274 α’γγαρήῖον.

67 284 104 339 99
114 279 151 338 Ἥ
166 281 219 354 μὲν
236 278 271 354 δὴ
289 281 385 356 πρώτη
403 284 430 344 ἐς
450 281 548 343 Σοῦσα
565 274 683 361 άγγελίη
700 278 866 358 ἀπικομένη,
888 285 923 349 ὥς

116 370 175 447 ἔχοι
196 367 316 443 Ἀθήνας
336 369 448 444 Ξέρξης,
474 369 571 446 ἔτερψε
591 368 661 427 οὕτω
682 367 716 443 δή
736 394 764 427 τι
786 374 923 446 Περσέων

114 456 179 519 τούς
191 454 421 531 ὑπολειφθέντας,
438 456 472 519 ὥς
485 455 534 518 τάς
547 481 577 517 τε
592 454 672 519 όδοθς
688 456 812 535 μυρσίνῃ
825 459 922 525 πάσας

116 544 271 622 ἐστόρεσαν
293 544 338 602 καὶ
356 544 473 620 ἐθυμίων
491 543 660 620 θυμιήματα,
680 543 726 601 καὶ
745 542 825 603 αὐτοὶ
846 545 922 622 ἦσαν

117 637 145 692 ἐν
168 633 287 711 θυσίῃσί
304 659 335 691 τε
357 632 402 690 καὶ
425 630 584 710 εόπαθίησι·
619 629 638 706 ή
666 630 695 688 66
723 630 836 708 δευτέρη
866 642 922 712 σφι

115 719 233 802 ἀγγελίη
267 721 457 790 ἐπεξελθοΰσα
487 720 602 800 συνέχεε
637 718 715 787 οὕτω,
751 717 825 779 ὥστε
857 724 922 788 τούς

116 810 232 872 κιθῶνας
253 807 454 884 κατερρήξαντο
479 805 587 875 πάντες,
612 808 674 916 βοή
690 831 721 865 τε
743 806 789 865 καὶ
811 811 921 891 οἰμωγῇ

118 897 251 1005 ἐχρέωντο
265 895 385 973 ἀπλέτῳ,
400 893 560 970 Μαρδόνιον
573 898 645 953 ἔν’
616 894 689 972 αιτίη
702 894 833 958 τιθέντες.
873 897 920 957 οὐκ

120 1009 190 1041 ουτω
209 983 238 1040 66
254 983 318 1058 περὶ
335 985 390 1041 τῶν
407 985 477 1057 νηῶν
496 981 647 1061 ἀχθόμενοι
660 1007 748 1041 ταυτα
761 985 788 1040 οἱ
807 985 921 1061 Πέρσαι

120 1071 236 1139 ἐποίευν,
252 1068 287 1131 ὥς
300 1068 364 1146 περι
377 1067 450 1146 οὕτω
437 1068 553 1147 Ξέρξη
564 1062 756 1178 δειμαίνοντες
798 1071 844 1129 καὶ
858 1076 921 1151 περὶ

118 1159 233 1234 Πέρσας
259 1159 311 1234 μὲν
331 1155 366 1233 ἦν
387 1161 474 1216 ταῦτα
497 1157 546 1216 τόν
569 1157 660 1216 πάντα
686 1158 791 1233 μετοξυ
818 1161 921 1238 χρόνον

117 1245 273 1327 γενόμενον,
288 1245 372 1325 μέχρι
386 1241 418 1304 οὗ
432 1245 538 1322 Ξέρξης
552 1244 635 1308 αὑτός
648 1250 740 1320 σφεας
753 1244 921 1324 ἀπικόμενος

118 1335 230 1394 ἔπαυσε.
384 1324 389 1333 ’

71 1424 128 1482 100
181 1422 339 1499 Μαρδόνιος
366 1423 395 1483 66
425 1421 509 1500 ὁρέων
543 1424 594 1500 μὲν
629 1422 735 1500 Ξερξην
767 1426 922 1502 συμφορήν

116 1510 243 1591 μεγάλην
265 1516 295 1569 ἐκ
320 1515 370 1587 τῆς
392 1510 544 1588 ναυμαχίης
564 1509 734 1587 ποιεόμενον,
757 1510 921 1573 ὖποπτεόων

120 1598 149 1656 66
162 1598 246 1658 αὐτόν
260 1599 387 1675 δρησμόν
400 1596 548 1674 βουλεύειν
562 1603 592 1656 ἐκ
605 1603 661 1657 τῶν
673 1597 820 1673 Ἀθηνέων,
835 1605 921 1677 φρον-

117 1687 198 1749 τίσας
211 1686 281 1762 πρός
296 1684 395 1745 ἑωυτόν
415 1684 450 1747 ὦς
467 1685 550 1744 δώσει
564 1685 641 1760 δίκην
655 1684 819 1766 ἀναγνώσας
832 1687 921 1761 βασι-

117 1774 169 1831 λέα
188 1772 391 1848 στρατεύεσθαι
409 1773 455 1831 ἐπὶ
468 1772 520 1848 τήν
532 1772 667 1842 Ἑλλάδα,
686 1772 734 1830 καί
750 1775 777 1830 οἷ
796 1774 921 1850 κρέσσον

117 1860 159 1965 εἴη
176 1857 431 1919 ἀνακινδυνεῦσαι
415 1886 433 1935 η
446 1850 675 1942 κατεργάσασθαι
688 1859 745 1970 τήν
751 1858 920 1931 Ἐλλάδα*
903 1890 921 1939 η

119 1946 203 2007 αὐτόν
225 1950 316 2019 καλῶς
338 1951 505 2057 τελευτησοι
530 1947 579 2008 τόν
606 1947 712 2024 βίον
695 1949 764 2024 υπέρ
787 1948 922 2042 μεγάλων

117 2037 294 2114 αἰωρηθέντα·
316 2037 404 2096 πλεον
419 2037 515 2113 μέντοι
532 2036 657 2113 ἔφερέ’
632 2062 658 2095 οι
675 2035 693 2147 ή
709 2035 805 2143 γνώμη
825 2063 921 2115 κατερ·

116 2124 222 2205 γάσθαι
239 2124 291 2201 τήν
310 2123 447 2183 Ἑλλάδα·
440 2122 691 2204 ·λογισάμενος
672 2149 708 2183 ων
720 2128 816 2193 ταῦτα,
830 2150 920 2200 προσ-

120 2213 201 2288 ἔφερε
228 2211 277 2273 τόν
304 2213 390 2291 λόγον
417 2211 505 2271 τόνδε·
539 2222 555 2247 “
566 2211 698 2282 δέσποτα,
724 2210 795 2288 μήτε
821 2214 921 2284 λυπέο,

116 2298 187 2375 μήτε
222 2299 389 2407 συμφορήν
405 2299 542 2375 μηδεμίαν
576 2299 703 2380 μεγάλην
734 2303 813 2358 ποιεῦ
839 2301 923 2362 τοῦδε

117 2390 167 2444 τοῦ
194 2384 361 2492 γεγονότος
363 2387 463 2446 εἵνεκεν
486 2386 670 2498 πρήγματος·
692 2386 724 2446 οὖ
750 2385 805 2468 γάρ
829 2387 924 2456 ζήλων

118 2472 191 2553 οἶγών
218 2472 233 2532 6
260 2473 293 2531 τό
321 2477 377 2531 πᾶν
405 2474 542 2550 φέρων’
529 2474 590 2534 εστὶ
617 2474 778 2552 ημῖν,αλλ
778 2474 924 2553 ’άνδρων

116 2587 147 2620 τε
169 2562 214 2619 καὶ
237 2561 335 2619 ἵππων·
357 2588 406 2620 σοι
396 2560 509 2621 66*
477 2588 541 2622 ουτε
559 2589 601 2626 τις
618 2563 723 2624 τούτων
740 2567 794 2624 τῶν
811 2563 845 2623 τά
863 2569 924 2626 πᾶν

118 2654 173 2723 σφι
195 2647 247 2722 ήδη
269 2647 418 2709 δοκεόντων
442 2650 634 2732 κατεργάσθαι
654 2650 768 2728 ἀποβάς
789 2651 845 2711 ἀπό
864 2658 924 2715 τῶν

118 2740 185 2795 νεῶν
204 2735 367 2812 πειρήσεται
394 2736 568 2814 ἀντιωθῆναι,
592 2738 648 2798 οὔτ’
671 2744 700 2798 ἐκ
728 2744 778 2816 τῆς
803 2738 924 2816 ἠπείρου

118 2823 215 2900 τῆσδε·
237 2823 267 2882 οἵ
277 2850 307 2883 τε
320 2823 387 2900 ἡμῖν
400 2825 584 2902 η’ντιοίθησαν,
601 2827 701 2888 ἔδοσαν
715 2829 796 2890 δίκας.
831 2831 855 2887 εἰ
867 2829 924 2904 μέν

117 2939 164 2973 νυν
188 2912 283 2986 δοκέει,
308 2911 405 2972 αὐτίκα
429 2914 586 2991 πειρώμεθα
611 2919 661 2989 τῆς
685 2915 923 2990 Πελοποννήσου·

118 3002 189 3061 εἰδὲ
203 3028 248 3060 και
238 3000 376 3060 δοκέει’
363 3005 498 3080 επισχεῖν,
514 3003 630 3081 παρέχει
643 3005 747 3063 ποιέειν
760 3007 858 3063 ταῦτα·
878 3008 924 3081 μή

110 3089 144 3149 66
158 3088 305 3168 δνσθόμει·
330 3088 364 3151 ου’
382 3089 436 3174 γάρ
456 3094 518 3150 ἐστι
529 3090 659 3166 Ελλησι
680 3089 794 3166 ουδεμία
811 3089 924 3156 ἔκδυσις

90 3177 144 3254 μθ
152 3205 187 3238 ov
182 3179 304 3247 δόντας
315 3180 459 3267 λόγον
417 3207 478 3244 των
490 3180 631 3256 ἐποίησαν
641 3203 689 3236 νυν
700 3201 734 3234 τε
744 3201 791 3232 και
798 3198 936 3246 πρότερον

82 3264 160 3326 εἶναι
177 3269 254 3337 σοθς
265 3271 408 3342 δούλους.
429 3271 574 3356 μάλιστα
586 3266 638 3346 μέν
651 3287 701 3323 νυν
714 3283 808 3320 ταυτα
819 3254 906 3310 ποίεε·
932 3260 960 3310 ελ
