2024 3450
112 113 158 160 ιω
425 106 600 156 πνοιοτου
828 106 905 170 [vn.

109 187 222 260 λόντων,
246 187 399 262 δασάμενοι
416 190 497 246 σῖτον
519 191 548 245 ἐν
567 189 637 264 τῇσι
657 182 804 244 πόλισιοὶ
825 184 909 247 άστοὶ

110 273 216 350 ἇλευρά
238 299 269 334 τε
293 275 339 333 καὶ
363 273 472 350 άλφιτα
496 274 604 332 ἐποίευν
627 271 728 333 πάντες
751 274 797 331 ἐπὶ
820 278 909 350 μῆνας

111 363 239 441 συχνούς·
260 367 343 423 τοῦτο
364 363 401 433 δὲ,
417 362 516 438 κτήνεα
531 361 693 421 σιτεόεσκον
708 361 910 437 ἐξευρίσκοντες

112 457 194 527 τιμῆς
215 451 250 511 τά
274 451 424 520 κάλλιστα,
445 450 563 527 ἔτρεφόν
581 476 611 508 τε
630 447 741 525 ὄρνιθας
762 452 910 526 χερσαίους

113 539 159 597 καὶ
175 542 319 617 λιμναίους
339 541 367 599 ἐν
387 565 417 599 τε
438 538 573 614 οἰκήμασι
589 537 635 595 καὶ
649 536 788 605 λάκκοισι,
804 542 830 599 ἐς
843 536 910 597 ὕπο-

113 625 199 706 δοχάς
208 631 258 687 τοῦ
271 630 405 704 στρατοῦ·
425 629 507 685 τοῦτο
521 626 559 694 δέ,
566 623 675 702 χρύσεά
686 649 717 682 τε
731 624 777 681 καὶ
790 623 911 704 ἀργύρεα
955 653 959 658 ·

112 714 232 791 ποτήριά
253 740 285 774 τε
307 715 352 773 καὶ
374 718 512 792 κρητῆρας
535 716 682 784 ἐποιεῦντο,
707 712 752 769 καὶ
776 711 811 770 τά
834 712 910 771 ἅλλα

113 800 170 862 ὅσα
193 804 238 861 ἐπὶ
261 802 400 879 τράπεζαν
420 802 543 863 τιθέαται
561 801 661 860 πάντα.
697 803 785 859 ταῦτα
804 802 856 876 μὲν
875 801 909 876 δη

113 888 187 968 αὐτῷ
204 915 235 950 τε
252 890 374 965 βασιλέϊ
391 891 436 948 καὶ
455 891 532 948 τοῖσι
552 887 714 965 ὁμοσίτοισι
734 885 794 963 μετ’
808 889 911 947 ἐκείνου

114 978 272 1055 ἐπεποίητο,
286 982 321 1056 τῇ
340 977 369 1036 δὲ
382 976 458 1056 άλλῃ
471 980 589 1053 στρατιῇ
602 976 638 1034 τά
652 981 679 1038 ἐς
693 975 809 1052 φορβὴν
821 979 911 1051 μοῦνα

114 1064 284 1140 τασσόμενα
328 1064 397 1126 ὅκως
420 1065 450 1122 δέ
473 1063 600 1122 ἀπίκοιτο
625 1063 643 1138 ἡ
668 1063 795 1140 στρατιὴ,
821 1063 910 1138 σκηνὴ

113 1154 166 1228 μὲν
188 1152 252 1210 ἔσκε
275 1155 416 1232 πεπηγυῖα
440 1152 534 1227 ἑτοίμη
558 1155 586 1214 ἐς
609 1152 661 1226 την
681 1150 764 1213 αὐτός
784 1150 911 1226 σταθμόν

115 1241 276 1299 ποιεέσκετο
290 1241 404 1316 Ξέρξης·
424 1239 493 1315 ἡδὲ
515 1237 592 1314 άλλη
611 1240 730 1316 στρατιὴ
748 1241 813 1299 ἔσκε
832 1238 911 1298 ὑπαί-

115 1328 201 1404 θριος·
222 1328 258 1390 ὦς
277 1329 306 1387 δὲ
325 1328 434 1389 δείπνου
452 1328 558 1409 γίνοιτο
579 1325 645 1405 ὥρη,
659 1331 686 1386 οἱ
701 1330 751 1403 μὲν
772 1327 912 1402 δεκόμενοι

118 1417 235 1494 ἔχεσκον
254 1415 348 1476 πόνον·
370 1419 397 1475 οἱ
410 1417 447 1486 δέ,
462 1414 530 1479 ὅκως
543 1416 717 1493 πλησθέντες
730 1415 814 1475 νίκτα
827 1414 912 1474 αὐτοῦ

115 1502 255 1584 α’γάγοιεν,
270 1531 305 1582 τῃ
317 1504 450 1583 ὑστεραίῃ
463 1504 515 1581 τήν
530 1532 562 1566 τε
580 1504 688 1581 σκηνὴν
700 1504 912 1566 ἀνασπάσαντες

117 1591 162 1649 καὶ
175 1591 210 1650 τά
223 1593 328 1651 ἔπιπλα
341 1592 432 1652 πάντα
445 1593 592 1670 λαβόντες,
610 1592 679 1652 οὕτω
696 1591 909 1664 ἀπελαύνεσκον,

71 1680 128 1739 120
136 1680 279 1742 λείποντες
294 1679 379 1752 οὐδὲν,
395 1680 471 1739 ἀλλά
492 1681 651 1758 φερόμενοι·
666 1680 756 1740 Ἔνθα
770 1681 803 1755 δὴ
817 1688 910 1760 Μεγα-

115 1768 244 1843 κρέοντος
254 1767 351 1843 άνδρδς
363 1768 535 1844 Ἀβδηρίτεω
549 1771 614 1832 ἐπος
628 1768 657 1828 εὖ
672 1769 812 1844 εἰρημένον
827 1770 912 1848 ἐγένε-

115 1879 157 1922 το,
172 1853 202 1917 ὃς
220 1855 429 1939 συνεβούλευσε
448 1855 645 1934 Ἀβδηρίτῃσι,
659 1856 794 1929 πανδημεὶ
815 1856 912 1917 αὐτούς

117 1941 163 1999 καὶ
183 1945 313 2021 γυναῖκας
334 1942 465 2005 ἐλθόντας
487 1948 514 2004 ἐς
533 1942 569 2003 τά
590 1943 715 2018 σφέτερα
736 1942 789 2016 ἱρά,
806 1943 913 2009 ἵζεσθαι

117 2030 207 2093 ἱκέτας
220 2033 274 2091 τῶν
295 2030 371 2104 θεῶν,
387 2032 618 2107 παραιτεομένους
632 2028 678 2086 καὶ
690 2027 723 2085 τό
736 2027 837 2083 λοιπόν
856 2033 912 2097 σφι

116 2116 270 2193 α’παμόνειν
287 2123 342 2176 τῶν
360 2118 491 2177 ἐπιόντων
510 2120 599 2174 κακῶν
619 2115 655 2174 τά
674 2113 787 2189 ἡμίσεα·
809 2114 862 2169 τῶν
882 2137 913 2168 τε

115 2206 325 2282 παροιχομένων
346 2206 418 2281 ἔχειν
437 2210 494 2278 σφι
512 2200 640 2281 μεγάλην
658 2199 748 2279 χάριν,
762 2198 806 2258 ὅτι
824 2200 912 2274 βασι-

116 2289 181 2350 λεῦς
199 2291 305 2365 Ξέρξης
324 2288 356 2348 οὗ
376 2289 417 2351 δὶς
439 2288 556 2363 ἐκάστης
577 2286 682 2364 ἡμέρης
701 2285 813 2363 ἐνόμισε
833 2289 913 2347 σῖτον

116 2375 273 2452 αἱρέεσθαι·
300 2374 432 2454 παρέχειν
453 2374 508 2456 γάρ
536 2373 570 2434 ἂν
593 2373 790 2452 Ἀβδηρίτῃσι,
818 2379 842 2434 εἰ
869 2376 914 2433 καὶ

115 2462 233 2538 ἄριστον
251 2463 401 2539 προείρητο
421 2462 504 2540 όμοῖα
517 2466 555 2542 τῷ
568 2463 667 2542 δείπνῳ
686 2463 914 2541 παρασκευάζειν,

108 2548 135 2625 ἦ
158 2549 199 2626 μή
223 2548 371 2627 ὖπομένειν
391 2551 496 2629 Ξέρξεα
518 2552 638 2623 ἐπιόντα,
659 2551 677 2629 ἢ
701 2552 914 2630 καταμείναντας

116 2637 236 2698 κάκιστα
255 2637 366 2699 πάντων
382 2637 531 2718 άνθριόπων
549 2640 736 2719 διατριβῆναι.
778 2643 805 2700 οἱ
817 2642 869 2716 μέν
881 2639 915 2714 δὴ

117 2725 273 2803 πιεζόμενοι
294 2726 395 2804 ὁμοίως
414 2727 447 2788 τό
469 2729 692 2806 ἐπιτασσόμενον
713 2728 865 2788 ἐπετέλεον.

71 2815 125 2872 121
178 2815 283 2892 Ξέρξης
303 2815 333 2875 δὲ
354 2820 384 2875 ἐκ
403 2819 453 2892 τῆς
464 2814 610 2887 Ἀκάνθου,
632 2817 822 2891 ἐντειλάμενος
841 2818 916 2874 τοῖσι

117 2907 304 2984 στρατηγοῖσι
316 2903 367 2964 τόν
380 2903 507 2965 ναυτικόν
521 2904 644 2980 στρατόν
656 2903 802 2979 ὑπομένειν
812 2907 841 2961 ἐν
850 2901 917 2977 Θέρ-

95 3014 151 3066 μῃ)
167 2989 266 3068 α’πῆκε
278 2991 330 3054 ἅττ’
342 2994 446 3056 ἑωυτοῦ
467 2991 637 3073 πορεύεσθαι
654 2989 704 3053 τάς
718 2989 789 3052 νέας·
810 2989 918 3068 (Θέρμῃ

84 3072 122 3132 ὃέ
136 3081 180 3154 ἢῆ
202 3085 233 3141 ἐν
254 3087 299 3166 τῷ
312 3086 452 3170 Θερμαίῳ
473 3084 573 3168 κόλπῳ
587 3080 735 3160 οἰκημένῃ»
746 3075 789 3137 ὄπ’
806 3073 843 3150 ἦῖ
855 3076 929 3131 *ffi‘

66 3158 194 3231 κόλπος
207 3168 300 3243 οὗτος
311 3177 375 3258 τήν
389 3177 564 3261 ἐπωνυμίην
584 3171 672 3260 ξχςιιη
692 3165 787 3245 ταίηῃ
798 3162 856 3242 ἠδρ
869 3164 950 3216 'mv-

53 3239 175 3311 od'm
193 3269 452 3343 συντομώτατον
472 3270 565 3336 εἴναι.
609 3265 704 3348 μέχρι
727 3257 778 3339 μὶν
795 3245 871 3332 Ἱᾶἐὶ
881 3239 970 3302 mv*
