2024 3450
117 111 165 158 130
425 111 607 160 ἨΡΟΔΟΤΟΤ
634 132 637 140 ⁴
835 113 913 178 [VII.

115 193 208 258 τοῦτο,
223 189 238 248 ὅ
251 213 279 248 τι
293 181 327 264 δή
341 189 407 248 κοτέ
421 194 483 248 ἐστι
495 188 529 249 τό
543 183 764 266 ἐπιφαινόμενόν
778 219 823 251 τοι
836 199 915 273 ἐντῷ

115 275 199 355 ὕπνῳ,
215 275 288 336 ώστε
305 275 379 346 δόξει
400 279 449 352 ἐμέ
469 276 541 352 όρυῖν
562 279 597 335 σὲ
619 276 695 345 εἶναι,
709 283 745 355 τῇ
763 283 802 357 σῇ
817 282 915 355 ἐσθῆτι

114 365 340 441 τεκμαιρόμενον·
362 368 386 423 εἰ
404 365 434 423 δὲ
452 367 500 440 ἐμὲ
517 367 569 440 μὲν
590 370 618 424 ἐν
639 363 728 424 οὐδενὶ
745 367 821 447 λόγῳ
837 367 915 443 ποιή-

93 503 96 508 .
116 478 205 522 σεται,
224 452 287 512 οὐδὲ
307 451 421 522 ἀξιώσει
442 457 618 528 ἐπιφανῆναι,
634 451 696 512 οὔτε
717 451 751 528 ἢν
772 455 824 530 την
846 456 917 531 ἐμην

118 540 226 616 ἐσθῆτα
239 540 293 619 έχω
308 539 370 600 οὔτε
383 538 417 617 ἦν
431 539 483 616 τὴν
496 539 559 615 σὴν,
569 542 604 599 σέ
617 540 647 599 δὲ
660 542 846 617 ἐπιφοιτήσει,
854 548 916 602 τοῦ·

117 655 149 688 το
170 627 223 706 ἥδη
244 629 385 706 μαθητέον
406 629 478 687 ἐστί·
502 631 526 686 εἰ
546 627 601 709 γάρ
620 626 654 702 δυ)
671 630 865 705 ἐπιφοιτήσειέ
884 658 916 711 γε

117 717 262 796 συνεχέως,
277 717 364 792 φαίην
385 715 419 776 ἂν
439 715 486 774 καὶ
505 713 588 778 αὐτός
602 717 677 775 θεῖον
695 715 772 775 εἶναι·
794 722 817 776 εί
831 719 862 776 δέ
873 745 917 777 τοι

117 804 187 864 οὕτω
207 803 352 880 δεδόκηται
368 803 506 885 γίνεσθαι,
521 804 567 862 καὶ
580 802 631 862 οὔκ
645 802 691 862 οἶά
702 829 733 863 τε
746 802 813 863 αὔτὸ
830 832 916 882 παρα-

117 892 224 969 τρέψαι,
239 890 304 950 ἀλλ’
317 889 371 967 ἤδη
389 891 432 950 δεῖ
451 893 501 967 ἐμὲ
521 895 550 950 ἐν
571 893 649 969 κοίτη
669 895 705 970 τῇ
722 897 761 970 σῇ
779 899 917 952 κατυπνώ-

118 1004 175 1047 σαι,
199 980 275 1054 φέρε,
297 978 401 1037 τούτων
422 980 452 1048 ἐξ
473 982 537 1055 ἐμεῦ
561 980 784 1055 ἐπιτελευμένων,
804 981 917 1057 φανήτω

118 1067 164 1124 καὶ
177 1067 248 1142 ἐμοί·
268 1067 352 1144 μέχρι
368 1065 398 1124 δὲ
410 1066 518 1135 τούτου,
532 1070 568 1144 τῇ
581 1067 726 1146 παρεούσῃ
739 1068 836 1148 γνώμῃ
849 1068 917 1147 χρή-

71 1156 107 1214 17
120 1152 234 1231 σομαι.”
275 1158 407 1213 Τοσαῦτα
429 1155 507 1218 εἴπας
522 1154 698 1232 Ἀρτάβανος
719 1157 837 1226 ἐλπίζων
851 1158 917 1232 Ξέρ-

118 1243 166 1312 ξεα
178 1240 324 1311 ἀποδέξειν
337 1242 459 1322 λέγοντα
473 1242 559 1311 οὐδὲν,
574 1243 665 1300 ἐποίεε
679 1242 713 1302 τό
727 1243 916 1320 κελευόμενον·

119 1331 194 1392 ἐνδδς
215 1331 244 1389 δὲ
265 1330 316 1405 τήν
338 1330 446 1407 Ξέρξεω
468 1330 576 1406 ἐσθῆτα
600 1331 646 1388 καὶ
672 1330 795 1407 ἱζόμενος
818 1337 845 1394 ἐς
869 1332 919 1391 τάν

118 1418 274 1494 βασιλήϊον
293 1418 400 1495 θρόνον,
420 1418 455 1481 ώς
472 1417 544 1495 μετά
565 1423 652 1478 ταῦτα
674 1423 766 1479 κοῖτον
787 1421 917 1488 ἐποιέετο,

117 1506 190 1583 ἦλθέ
211 1510 237 1566 οἱ
260 1508 459 1586 κατυπνωμένῳ
482 1507 570 1573 τώυτὸ
595 1506 700 1584 ὄνειρον
721 1507 754 1568 τά
776 1508 822 1566 καὶ
842 1509 917 1585 παρά

118 1596 224 1672 Ξέρξεα
245 1597 355 1672 ἐφοίτα·
375 1594 518 1672 ιῖπερστάν
540 1596 570 1655 δὲ
590 1600 640 1655 τοῦ
657 1595 843 1672 Ἀρταβάνου,
859 1596 918 1655 εἶπε

119 1683 193 1743 τάδε·
215 1682 295 1761 “ιῖρα
316 1683 353 1743 σύ
373 1682 407 1760 δὴ
429 1687 516 1747 κεῖνος
536 1684 574 1748 εἶς
587 1683 603 1743 ό
617 1683 800 1743 ἀποσπεύδων
814 1685 918 1760 Ξέρξεα

118 1771 322 1848 στρατεύεσθαι
349 1773 395 1830 ἐπὶ
418 1772 470 1848 τήν
492 1771 628 1842 Ἑλλάδα,
653 1771 695 1834 ώς-
712 1772 747 1846 δὴ
771 1772 918 1847 κηδόμενος

119 1858 221 1926 αὐτοῦς
244 1858 308 1916 ἀλλ’
320 1857 383 1918 οὔτε
398 1863 425 1921 ἐς
437 1859 470 1918 τό
484 1860 639 1935 μετέπειτα,
650 1858 714 1918 οὔτε
727 1865 754 1921 ἐς
767 1858 800 1918 τό
815 1885 918 1935 παραυ-

117 1947 182 2005 τίκα
195 1950 243 2005 νῦν
257 1945 454 2022 καταπροΐξεαι
465 1945 628 2022 ἀποτρέπων
638 1945 670 2004 τό
683 1946 767 2024 χρεόν
777 1948 917 2026 γενέσθαι·

118 2034 224 2109 Ξέρξεα
237 2034 267 2092 δέ
279 2033 315 2093 τά
329 2033 371 2093 δεῖ
382 2032 604 2108 ἀνηκουστέοντα
614 2034 735 2100 παθέειν,
745 2031 817 2108 αὐτῷ
828 2034 919 2110 ἐκείνῳ

73 2120 300 2196 18δεδήλωται.”
340 2119 435 2178 Ταῦτά
457 2145 487 2179 τε
511 2119 545 2194 δή
571 2119 661 2178 ἐδόκεε
683 2116 859 2193 Ἀρτάβανος
885 2121 918 2178 τό

119 2207 224 2284 ὄνειρον
246 2207 395 2276 ἀπειλέειν,
413 2207 459 2264 καὶ
478 2207 607 2282 θερμοῖσι
629 2204 782 2280 σιδηρίοισι
802 2206 919 2265 ἐκκαίειν

120 2293 204 2353 αὐτοῦ
225 2296 342 2370 μέλλειν
362 2293 427 2355 τούς
448 2291 624 2368 ὀφθαλμούς·
653 2292 699 2349 καὶ
721 2291 759 2361 ὃς,
779 2291 920 2369 ἀμβώσας

119 2381 201 2460 μέγα,
222 2379 404 2456 ἀναθρώσκει,
427 2381 474 2438 καὶ
494 2378 677 2456 παριζόμενος
692 2381 792 2459 Ξέρξη,
813 2380 849 2444 ώς
869 2381 920 2457 τήν

119 2467 185 2544 ὄψιν
199 2470 225 2526 οἱ
237 2469 287 2526 τοῦ
302 2467 429 2527 ἐνυπνίου
446 2466 574 2543 διεξῆλθε
595 2466 793 2549 ἀπηγεόμενος,
808 2469 920 2546 δεύτερά

119 2558 146 2613 οἱ
165 2556 244 2635 λέγει
261 2553 337 2614 τάδε·
358 2565 376 2590 “
385 2554 439 2637 ἐγώ
452 2558 513 2632 μὲν,
528 2554 549 2614 ὦ
562 2557 696 2632 βασιλεῦ,
710 2557 757 2616 οἶα
778 2556 920 2635 ἄνθρωπος

119 2641 182 2702 ἰδών
200 2642 253 2719 ἤδη
273 2641 372 2703 πολλά
389 2669 420 2703 τε
438 2644 484 2703 καὶ
503 2643 616 2726 μεγάλα
631 2646 756 2707 πεσόντα
768 2646 918 2726 πρήγματα

127 2729 269 2754 ῑὶῑΙ
369 2730 376 2750 ἱ

116 2752 173 2815 μπο
189 2756 329 2807 ησσονων,
344 2758 394 2791 ουκ
408 2732 458 2792 ἔων
471 2758 506 2791 σε
518 2731 555 2792 τά
568 2732 659 2793 πάντα
671 2738 707 2812 τῇ
720 2733 816 2810 ἡλικίη
831 2733 920 2800 εἴκειν,

120 2819 304 2896 ἐπιστάμενος
326 2819 361 2883 ώς
383 2819 469 2881 κακόν
493 2818 535 2896 εἴη
559 2820 591 2880 τδ
615 2824 732 2881 πολλῶν
756 2820 920 2894 ἐπιθυμέειν,

106 2909 292 2985 μεμνημένος
300 2909 356 2986 μὲν
369 2907 420 2969 τάν
435 2907 481 2968 ἐπὶ
494 2908 690 2989 Μασσαγέτας
704 2907 799 2984 Κύρου
815 2904 921 2964 στόλον

98 2991 137 3051 οἷς
156 2995 271 3072 ἔπρηξε,
284 2997 471 3078 μεμνημένος
489 2994 521 3059 δὲ
542 2995 588 3057 καὶ
608 2995 657 3057 τὸν
671 2994 711 3056 ἐπ’
727 2994 861 3056 Αἰθίοπος
872 2993 922 3053 τόν

80 3079 275 3158 Καμβόσεω,
303 3087 586 3171 συστρατευόμενος
615 3086 645 3147 δδ
678 3083 726 3146 καλ
754 3081 863 3160 Δαρείοξ
890 3081 939 3135 'effi

91 3162 203 3247 ‘fv'eap
228 3179 445 3262 ἐπιστάμενος
464 3185 573 3254 ταῦτα,
591 3177 715 3264 γνώμην
735 3172 827 3252 &Xon
843 3164 956 3241 ὄτθῑθλ·

49 3235 190 3311 (ahda
406 3274 415 3297 “
610 3270 621 3292 ¹
694 3265 702 3285 '
808 3251 977 3316 ’θ’πων.

190 3286 437 3351 εμακαριστον
452 3276 537 3339 εἶναι
557 3296 639 3353 προς
659 3287 782 3329 παντων
805 3284 839 3318 αν
862 3279 904 3329 pm
