2024 3450
63 109 170 175 30-33]
371 111 559 160 κοικτοωυ.
813 92 864 161 τιν’

61 193 97 254 τά
107 188 251 267 Ἑλλήνων
263 190 354 267 ηὖξον,
370 192 434 267 περὶ
448 190 497 250 τόν
512 189 686 267 Παρνησσδν
700 189 862 268 κατειλημέ·

63 306 114 340 νοι·
132 280 178 339 καὶ
188 279 312 338 ἐνθεῦτεν
322 276 501 354 ὄρμειόμενοι,
512 278 612 355 ἔφερόν
625 304 655 338 τε
669 280 715 337 καὶ
728 279 798 360 ἦγον
810 279 863 355 τήν

62 394 93 427 τε
110 367 270 444 Μαρδονίου
289 365 424 442 στρατιήν
442 367 488 424 καὶ
503 365 568 428 τούς
587 365 647 442 μετ’
664 367 748 426 αὐτοῦ
769 368 863 430 ἐόντας
883 429 884 432 ,

63 454 216 531 Ἑλλήνων·
238 453 316 522 ἔταξε
333 453 362 512 δέ
381 453 426 512 καὶ
443 451 607 515 Μακεδόνας
619 479 650 512 τε
664 454 710 512 καὶ
723 454 787 516 τούς
799 455 863 532 περὶ
938 499 940 502 <

63 543 228 617 Θεσσαλίην
243 542 403 618 οἰκημένους
417 541 487 600 κατὰ
504 540 569 604 τούς
581 539 751 616 Ἀθηναίους.
794 546 864 599 Ταῦ·
874 544 911 601 32

63 655 100 690 τα
116 633 168 706 μὲν
186 633 241 689 τῶν
260 629 358 688 ἐθνέων
375 629 411 688 τά
426 629 549 709 μέγιστα
568 628 723 705 ὀνόμαοται
741 631 795 688 τῶν
811 627 865 687 τίπδ

65 718 226 795 Μαρδονίου
249 717 414 794 ταχθέντων,
440 717 528 794 τάπερ
550 715 760 792 ἐπιφανέστατά
779 739 810 775 τε
830 713 864 789 ἦν

66 805 112 863 καὶ
132 804 221 884 λόγου
242 804 389 863 πλείστου·
414 808 517 880 ἐνῆσαν
537 804 567 864 δέ
587 805 633 863 καὶ
652 804 748 864 ἄλλων
769 803 866 863 ἐθνέων

66 891 161 969 ἄνδρες
179 890 405 971 ἀναμεμιγμένοι,
421 897 537 972 Φρυγῶν
557 919 587 952 τε
606 893 651 950 καὶ
670 892 803 969 Θρηίκων,
822 891 868 949 καί

67 983 175 1038 Μυσῶν
195 1003 227 1038 τε
248 979 294 1037 καὶ
313 980 448 1054 Παιόνων,
467 981 512 1040 καὶ
530 985 585 1040 τῶν
600 979 705 1041 ἄλλων·
727 985 755 1040 ἐν
774 979 868 1038 δὲκαὶ

67 1066 209 1127 Αἰθιόπων
224 1093 255 1128 τε
272 1068 318 1127 καὶ
337 1069 494 1148 Αἰγυπτίων
512 1069 555 1150 (οἰ
572 1095 603 1129 τε
622 1067 806 1145 Ἑρμοτύβιες
823 1067 868 1125 καί

67 1157 94 1213 οἰ
109 1156 283 1232 Καλασίριες
295 1155 470 1236 καλεόμενοι)
480 1157 698 1237 μαχαιροφόροι·
720 1157 799 1232 οἰπερ
814 1155 869 1214 εἰσί

67 1245 226 1324 Αἰγυπτίων
239 1248 338 1320 μοῦνοι
350 1244 479 1323 μάχιμοι·
501 1245 614 1308 τούτους
630 1245 660 1304 δὲ
677 1245 715 1304 ἔτι
735 1249 763 1302 ἐν
776 1241 871 1317 Φαλή-

67 1357 106 1410 ρῳ
120 1332 171 1391 ἐιίν
184 1331 240 1391 άπο
250 1336 305 1391 τῶν
315 1337 387 1407 νηῶν
398 1331 650 1408 άπεβιβάσατο,”
621 1357 715 1393 εοντας
726 1329 871 1406 ἐπιβάτας·

70 1443 101 1476 ου
130 1419 183 1524 γρίρ
213 1417 410 1528 ἐτάχθησαν’
398 1444 424 1479 ις
448 1418 497 1477 τόν
521 1418 604 1488 πεζόν
630 1417 680 1476 τόν
701 1416 760 1493 ἅμα
781 1416 872 1494 Ξέρξη

70 1502 238 1580 α’πικόμενον
252 1509 279 1566 ἐς
291 1503 411 1578 Ἀθήνας
425 1503 582 1584 Αἰγύπτιοι.
621 1508 676 1563 τῶν
688 1506 740 1580 μὲν
753 1503 787 1579 δή
800 1505 872 1580 βαρ-
887 1517 952 1561 an
961 1524 985 1554 ν

68 1589 165 1666 βάρων
191 1590 266 1667 ἦσαν
286 1590 434 1667 τριήκοντα
458 1592 594 1669 μυριάδες,
616 1591 651 1655 ὥς
672 1592 717 1650 καὶ
736 1590 872 1667 πρότερον
912 1590 985 1641 Ῥω·

70 1677 232 1753 δεδήλωται·
253 1682 308 1737 τῶν
321 1678 350 1736 δὲ
363 1677 507 1754 Ἑλλήνων
519 1683 573 1739 τῶν
588 1679 747 1757 Μαρδονίου
761 1677 871 1754 συμμά-

70 1791 128 1872 χων
137 1765 241 1825 οἶδε
207 1791 259 1843 μεν
269 1764 355 1828 οὐδεὶς
366 1764 540 1842 άριθμόν·’
508 1792 540 1825 ου
550 1765 606 1847 γάρ
618 1765 654 1827 ὧν
664 1765 871 1844 η’ριθμήθησαν·

71 1853 106 1916 ὦς
132 1853 201 1912 δὲ’
189 1853 342 1923 επεικάσαι,
371 1860 398 1918 ἐς
424 1855 506 1915 πέντε
535 1854 670 1933 μυριάδας
697 1859 872 1967 συλλεγηναι

859 1921 985 2001 W*

926 1985 985 2046 ιι

70 1941 176 2012 εἰκάζω.
219 1967 295 2001 ουτοι
316 1968 342 2001 οι
333 1944 586 2021 παραταχθέντες
605 1942 786 2019 πεζοὶήσαν·
807 1942 857 2018 ηδ

73 2029 157 2092 ἰππος
169 2030 253 2108 χωρὶς
266 2030 402 2089 ἐτέτακτο,

110 2115 159 2180 Ὡς
180 2118 209 2176 δὲ
230 2116 284 2194 άρα
306 2116 406 2181 πάντες
427 2123 454 2177 οἰ
475 2116 625 2197 ἐτετάχατο
648 2116 718 2177 κατά
741 2143 772 2177 τε
794 2118 872 2176 ἔθνεα
881 2119 919 2175 33

71 2205 117 2264 καὶ
131 2205 200 2265 κατά
219 2206 311 2277 τέλεα,
331 2205 450 2266 ἐνθαῦτα
467 2209 503 2284 τῇ
523 2205 635 2286 δευτέρῃ
650 2204 740 2283 ἡμέρη
759 2204 872 2264 ἐθύοντο

71 2294 117 2351 καί
131 2293 297 2371 ἀμφότεροι.
334 2291 461 2370 Ἕλλησι
480 2295 532 2370 μὲν
551 2293 708 2372 Τισαμενός
727 2292 872 2373 Ἀντιόχου

71 2379 106 2456 ἦν
128 2380 143 2439 ὀ
165 2381 307 2459 θυόμενος·
339 2379 420 2445 οὗτος
439 2381 494 2463 γάρ
516 2381 550 2458 δή
571 2383 663 2442 εἵπετο
683 2385 722 2460 τῷ
741 2380 872 2460 στρατεύ-

71 2492 138 2543 ματι
157 2468 244 2546 τούτῳ
260 2467 367 2545 μάντις·
393 2469 451 2539 τόν,
472 2470 553 2530 ἐόντα
575 2469 691 2530 Ἠλεῖον
712 2471 758 2529 καὶ
780 2471 873 2551 γένεος

71 2558 122 2614 τοῦ
137 2553 280 2630 Ἰαμιδέων
294 2557 463 2632 Κλυτιάδην,
478 2558 690 2634 Λακεδαιμόνιοι
706 2557 873 2633 ἐποιήσαντο

72 2643 276 2719 λεωσφέτερον·
297 2647 442 2722 Τισαμενῷ
462 2644 517 2724 γάρ
539 2645 731 2724 μαντευομένῳ
754 2650 783 2705 ἐν
801 2650 872 2704 Δελ-

73 2734 155 2806 φοῖσι
183 2728 246 2806 περὶ
271 2729 364 2810 γόνου,
392 2729 484 2791 άνεῖλε
509 2731 528 2808 ή
556 2734 650 2809 Πυθίη
677 2732 785 2813 ἀγῶνας
810 2733 874 2796 τοίς

72 2819 223 2900 μεγίστους
241 2817 446 2896 ἀναιρήσεσθαι
467 2822 557 2881 πέντε·
578 2820 594 2881 ὁ
616 2824 668 2898 μὲν
688 2822 723 2896 δή
744 2819 875 2898 άμαρτῶν

73 2911 124 2967 τοῦ
137 2907 318 2985 χρηστηρίου,
333 2911 469 2985 προσεῖχε
480 2911 664 2989 γυμνασίοισι
677 2908 713 2970 ὦς
726 2906 874 2983 ἀναιρησό-

73 3018 154 3070 μενος
181 3022 330 3075 γυμνικοις
357 2994 474 3077 άγῶνας·
513 2995 620 3057 α’σκέων
647 2996 676 3054 δέ
702 2994 873 3053 πεντάεθλον

73 3105 150 3158 παρα
140 3080 195 3140 ἓν
208 3082 361 3160 πάλαισμα
379 3084 479 3161 ἔδραμε
493 3089 570 3144 νικᾶν
584 3080 794 3158 Ὀλυμπιάδα,”
796 3087 886 3151 bm-

73 3193 149 3246 νυμιρ
170 3173 208 3248 τῷ
227 3169 344 3253 Ἀνδρέω
367 3171 459 3234 ἐλθιδν
484 3172 544 3237 ἐς
534 3197 602 3250 εριυ·
629 3159 916 3272 λακελωμδυιοιλε

60 3255 256 3332 μαθοντες’
220 3283 275 3320 ουκ
293 3265 324 3327 ἐς
346 3287 511 3347 γομνικους
527 3258 629 3321 ἇλλ
618 3281 652 3319 ες
671 3248 800 3329 ww*
821 3239 947 3314 1„sssz
