2024 3450
136 105 166 154 10
440 104 624 153 Ἥοοκοοοι
885 107 930 172 [ν.

134 182 234 260 ὅμιλός
248 207 280 243 τε
294 181 406 246 πολλάς
421 185 473 260 μὲν
481 181 592 258 Ἕλλην
608 186 754 260 περιοικέει
770 187 880 250 πολλδς
901 188 930 247 δὲ

132 269 292 348 βάρβαρος,
313 270 339 329 οἳ
359 270 522 346 προστάτεω
544 271 753 348 ἐπιλαβόμενοι,
774 274 930 350 ποιήσουσι

108 383 110 388 ·
132 362 216 418 τοῦτο
234 358 267 418 τδ
282 356 316 418 ἂν
329 363 418 421 κεῖνος
431 358 576 439 ἐξηγέηται
589 360 635 418 καὶ
647 360 752 437 ήμέρης
765 363 812 420 καὶ
825 365 930 428 νυκτός·

132 445 171 505 συί
183 473 232 506 νυν
244 450 343 514 τοῦτον
355 445 406 507 τὸν
415 445 502 523 ἄνδρα
510 451 621 508 παῦσον
632 452 720 508 ταῦτα
733 453 872 521 ποιεῦντα,
888 453 931 512 ἵνα

131 533 172 610 μή
189 535 283 614 οἰκηίῳ
300 535 416 615 πολέμῳ
436 534 581 613 συνέχηαι·
603 534 698 616 τρόπῳ
713 537 743 598 δὲ
760 535 833 618 η’πίιρ
848 565 930 614 μετα-

131 621 312 700 πεμψάμενος
342 627 463 683 παῦσον·
492 621 575 683 ε’πειίν
599 624 629 683 δὲ
648 623 733 685 αὕτδν
763 627 930 707 περιλάβῃς,

130 712 235 770 ποιέειν
255 710 324 774 ὅκως
344 710 444 788 μηκέτι
465 714 552 774 κεῖνος
570 715 597 773 ἐς
612 711 757 788 Ἕλληνας
776 713 929 784 ἅπίξεται.”

83 799 122 856 24
131 803 225 857 Ταῦτα
238 797 358 879 λέγωνό
372 797 544 878 Μεγάβαζος
554 797 687 863 εὐπετέως
700 800 791 861 ἔπειθε
802 806 930 878 Δαρεῖον,

131 884 167 947 ὥς
190 883 219 944 εὗ
246 886 387 963 προορέων
412 884 445 944 τὸ
471 885 580 962 μέλλον
606 885 742 965 γίνεσθαι.
792 889 863 965 μετά
891 890 928 959 δὲ,

131 971 254 1052 ἄγγελον
271 974 384 1050 πέμψας
401 972 417 1031 ὁ
435 977 553 1049 Δαρεῖος
570 978 598 1037 ε’ς
616 974 668 1050 τήν
688 974 831 1053 Μύρκινον
851 977 931 1056 ἔλεγε

129 1060 204 1120 τάδε·
229 1071 247 1095 “
254 1061 377 1134 Ἱστιαῖε,
396 1060 536 1137 βασιλεῦς
554 1066 673 1138 Δαρεῖος
685 1061 751 1122 τάδε
764 1064 851 1144 λέγει·
876 1066 930 1145 ε’γιδ

130 1149 284 1224 φροντίζων
293 1148 411 1226 εὑρίσκω
421 1150 486 1224 ε’μοί
492 1175 523 1209 τε
534 1151 580 1207 καὶ
590 1154 665 1210 τοῖσι
676 1154 771 1227 ἐμοῖσι
780 1151 930 1234 πρήγμασι
979 1148 986 1160 ’

129 1235 227 1297 οὖδένα
248 1236 316 1296 εἶναι
336 1240 388 1296 σεῦ
408 1235 493 1313 ἄνδρα
514 1235 700 1315 εὐνοέστερον·
730 1242 814 1298 τοῦτο
841 1241 870 1299 δὲ
897 1241 929 1299 οὗ

128 1322 252 1404 λόγοισι,
266 1323 332 1383 ἀλλ’
345 1325 453 1405 ἔργοισι
472 1324 534 1384 οἶδα
546 1325 652 1402 μαθών.
694 1329 742 1386 νῦν
756 1325 801 1396 ὧν,
816 1329 929 1387 ε’πινοέω

127 1410 183 1492 γάρ
195 1413 348 1493 πρήγματα
360 1412 473 1494 μεγάλα
492 1411 729 1492 κατεργάσασθαι,
749 1412 862 1473 άπικνέο
880 1441 929 1491 μοι

127 1499 245 1572 πάντας,
267 1500 311 1561 ἵνα
331 1527 375 1561 τοι
394 1499 463 1561 αὐτοὶ
484 1498 686 1578 ὕπερθέωμαι·”
709 1498 838 1560 τούτοισι
852 1507 929 1562 τοῖσι

128 1588 208 1649 ἔπεσι
227 1589 382 1652 πιστεύσας
401 1588 418 1650 ὁ
437 1588 579 1659 Ἱστιαῖος,
598 1589 645 1649 καὶ
665 1586 725 1665 ἅμα
743 1589 818 1670 μέγα
837 1590 928 1649 ποιεύ-

127 1701 209 1751 μενος
221 1679 361 1753 βασιλέος
373 1677 541 1754 σύμβουλος
554 1677 695 1758 γενέσθαι,
710 1674 825 1737 ἀπίκετο
839 1680 867 1740 ἐς
880 1675 929 1740 τάς

128 1764 237 1839 Σάρδις·
258 1763 416 1841 ἀπικομένῳ
436 1763 466 1822 δέ
483 1767 510 1823 οἱ
525 1766 603 1844 ἔλεγε
618 1768 737 1841 Δαρεῖος
748 1764 824 1824 τάδε·
846 1763 928 1823 “Ἱσ-

125 1852 206 1919 τιαῖε,
223 1848 277 1930 ε’γοί
294 1875 329 1908 σε
343 1850 565 1925 μετεπεμψάμην
584 1851 669 1910 τῶνδε
687 1851 795 1911 εἵνεκεν·
820 1851 929 1911 ἐπείτε

128 1934 251 2015 τάχιστα
269 1935 411 2010 ε’νόστησα
430 1934 486 1994 άπδ
505 1936 632 1998 Σκυθέων
648 1935 694 1993 καὶ
712 1937 749 1994 σύ
769 1962 819 2012 μοι
837 1939 929 2017 ἐγένεο

70 2030 72 2035 ’
129 2024 161 2094 ἐξ
172 2024 338 2100 ὀφθαλμῶν,
353 2021 432 2082 οὐδέν
445 2048 483 2081 κω
497 2020 572 2081 ἄλλο
585 2025 682 2101 χρῆμα
696 2021 767 2082 οὕτω
781 2028 810 2090 ἐν
822 2025 930 2102 βραχέῖ

126 2111 284 2188 ἐπεζήτησα
299 2110 333 2174 ὥς
346 2113 381 2169 σὲ
396 2109 476 2169 ἰδέειν
488 2135 519 2169 τε
533 2110 578 2167 καὶ
593 2114 619 2172 ἐς
633 2103 736 2190 λόγους
748 2137 798 2187 μοι
811 2108 928 2171 α’τικέσ-

127 2200 183 2259 θαι·
205 2198 326 2279 ἐγνωκῶς
339 2197 382 2257 ὅτι
397 2197 544 2273 κτημάτων
560 2196 670 2257 πάντων
684 2198 746 2257 ἐστὶ
762 2198 928 2275 τιμιώτατον

125 2285 196 2363 οἶνήρ
217 2288 303 2362 φίλος
323 2285 438 2348 συνετός
455 2311 487 2346 τε
506 2281 552 2343 καὶ
569 2283 671 2348 εὔνοος·
694 2285 730 2344 τά
745 2311 790 2345 τοι
808 2285 861 2366 ε’γιδ
882 2290 928 2348 καὶ

125 2373 272 2451 ἀμφότερα
289 2371 420 2437 συνειδώς
437 2374 491 2453 ἔχω
509 2371 671 2450 μαρτυρέειν
685 2376 712 2435 ἔς
725 2371 878 2453 πρήγματα
890 2376 926 2434 τά

126 2461 189 2537 ε’μά.
230 2465 279 2522 νῦν
292 2460 337 2530 ὧν,
352 2459 381 2519 εὖ
394 2461 449 2542 γάρ
464 2462 600 2536 ἐποίησας
613 2459 789 2536 ἀπικόμενος,
802 2460 869 2520 τάδε
882 2488 927 2522 τοι

125 2548 180 2629 ε’γῶ
187 2549 376 2626 προτείνομαι·
392 2550 523 2626 Μίλητον
536 2551 587 2626 μὲν
601 2549 633 2608 ἔα
646 2548 692 2607 καὶ
704 2548 756 2624 τήν
766 2547 927 2613 νεόκτιστον

125 2641 155 2697 ἐν
167 2638 273 2716 Θρηίκη
286 2636 380 2698 πάλιν·
401 2637 440 2698 σδ
453 2637 477 2698 δ’
491 2637 553 2716 ἐμοὶ
571 2636 704 2714 ἑπόμενος
718 2641 745 2700 ἐς
758 2639 865 2707 Σοῦσα,
880 2639 927 2716 ἔχε

126 2723 214 2802 τάπερ
235 2721 270 2784 ἂν
286 2722 340 2805 ε’γοδ
357 2727 420 2804 ἔχω,
434 2725 500 2804 ε’μάς
517 2751 549 2786 τε
565 2724 704 2789 σύσσιτος
723 2724 775 2785 έιδν
791 2724 837 2784 καὶ
855 2725 926 2802 σύμ-

77 2812 115 2870 25
126 2809 260 2888 βουλος.”
301 2815 395 2873 Ταΐντα
418 2817 537 2891 Δαρεῖος
557 2813 643 2884 εἴπας,
671 2813 719 2872 καὶ
745 2812 926 2889 καταστήσας

123 2897 314 2977 Ἀρταφέρνεα
332 2898 472 2977 άδελφεδν
491 2903 592 2961 ἑωυτοῦ
611 2899 785 2978 ὁμοπάτριον
799 2900 926 2977 ὕπαρχον

124 2986 193 3053 εἶναι
215 2987 347 3063 Σαρδίων,
368 2988 513 3064 άπήλαυνε
534 2993 562 3051 ἐς
582 2989 688 3059 Σοῦσα,
709 2988 769 3066 ἅμα
789 2987 925 3068 ἀγόμενος

80 3091 111 3139 ’δ”
121 3075 257 3137 Ἱστιαῖον
270 3075 389 3137 Ὀτάνεα
408 3077 437 3135 δὲ
455 3076 591 3145 ἀποδέξας
610 3071 771 3157 στρατηγὸν
789 3076 925 3135 εἶναιτῶν

102 3165 362 3234 ναραθαλασσάυν
381 3165 499 3245 α’νδρῶν·
522 3169 572 3226 τοῦ
591 3164 640 3225 τδν
657 3167 767 3241 πατέρα
779 3163 925 3240 Σισάμνην

73 3239 242 3309 ίβασιλεύς
259 3253 441 3331 Καμβύσης
460 3252 621 3334 γενόμενον
637 3258 695 3315 τιῖν
716 3250 888 3329 βασδκηλιυν,
901 3248 942 3303 δὶ-
