2024 3450
91 115 198 179 ιιι-37]
425 112 538 159 nmo.
858 110 887 161 71

90 196 120 260 ὃς
134 196 168 255 ἅν
181 200 273 270 σφεας
286 194 418 256 ἀπιόντας
432 197 462 250 ἐκ
475 195 525 252 τοῦ
540 193 600 268 ἶροῦ
613 193 722 266 πρῶτος
738 190 783 248 ἐπὶ
804 190 889 259 ξείνια

90 266 316 360 καλέσηξοίόντες
337 282 367 339 δὲ
389 284 415 338 οἰ
438 279 581 358 Δόλογκοι
598 277 650 353 τήν
674 277 735 354 ἰρήν
757 276 822 336 όδόν
844 278 889 336 διά

89 370 203 429 Φωκέων
216 395 247 428 τε
261 369 307 426 καὶ
320 371 449 426 Βοιωτῶν
462 365 556 440 ἤϊσαν·
579 365 627 423 καί
643 371 735 440 σφεας
753 364 788 426 ῶς
802 364 889 428 οὐδεὶς
973 407 974 410 =

89 456 193 527 ἐκάλεε,
222 455 405 532 ἐκτράπονται
433 453 474 512 ἐπ’
501 452 648 527 Ἀθηνίων.
690 450 738 510 Ἐν
764 452 794 509 δὲ
820 456 889 530 τῇσι
897 455 947 512 35Ι

88 541 224 622 Ἀθήνῃσι
239 546 389 617 τηνικαῦτα
411 541 467 619 εἶχε
488 539 589 617 μὲντὸ
603 544 659 611 πῶν
674 538 773 613 κράτος
787 541 885 598 Πεισί-

88 655 216 706 στρατος,
230 627 300 705 άτῶρ
315 627 479 686 ἐδυνάστευε
496 629 542 685 καὶ
551 625 708 698 Μιλτιάδης
722 623 737 682 ό
751 625 886 700 Κυψέλου

89 716 140 775 ε’ῶν
164 716 250 791 οἰκίης
274 713 527 791 τεθριπποτρόφου,
551 713 586 772 τοὶ
610 715 661 788 μὲν
686 710 816 768 ἀνέκαθεν
840 710 887 770 οἵτ’

57 860 63 871 ,
87 806 193 875 Αἰακοῦ
213 802 309 872 τεκαὶ
323 803 436 881 Αἰγίνης
449 801 570 881 γεγονῶς
583 799 618 859 τῶ
632 799 662 857 δὲ
675 797 792 874 νεῶτερα
805 796 887 874 Ἀθη-

88 893 172 956 ναῖος,
186 889 305 946 Φιλαίου
326 893 376 946 τοῦ
390 889 506 951 Αἴαντος
527 886 626 950 παιδός
643 887 792 966 γενομένου
813 885 885 961 πρῶ·

86 1000 136 1033 του
154 979 204 1051 τῆς
225 976 311 1050 οἰκίης
323 975 424 1051 ταύτης
437 975 595 1050 Ἀθηναίου.
608 1005 615 1055 ss
638 972 717 1036 οὗτος
731 973 747 1032 ό
760 972 881 1032 Μιλτιά-

87 1061 134 1136 δης
156 1063 307 1140 κατήμενος
331 1068 359 1123 ἐν
380 1067 456 1123 τοῖσι
484 1062 650 1139 προθύροισι
674 1066 749 1120 τοῖσι
774 1064 882 1129 ἑωυτοῦ,

75 1148 170 1225 ’όρέων
177 1150 242 1212 τοῦς
250 1150 412 1231 Δολόγκους
421 1151 571 1227 παριόντας
585 1151 691 1224 ε’σθῆτα
706 1150 818 1226 ἔχοντας
833 1148 882 1207 οῦκ

87 1240 220 1316 ἐγχωρίην
233 1240 279 1296 καὶ
294 1239 403 1316 αἰχμαῖς,
418 1237 636 1314 προσεβώσατο·
660 1236 707 1294 καί
722 1243 777 1309 σφι
795 1262 884 1311 προσ-

87 1325 202 1383 ελθοῦσι
219 1326 407 1404 ἐπηγγείλατο
427 1323 592 1403 καταγωγήν
613 1324 658 1380 καὶ
679 1323 773 1390 ξείνια.
817 1324 843 1378 οἰ
856 1321 886 1380 δὲ

86 1409 228 1486 δεξάμενοι
242 1412 287 1467 καὶ
301 1410 482 1477 ξεινισθέντες
494 1408 541 1467 ὑπ’
555 1408 648 1476 αὐτοῦ,
663 1408 808 1481 ἐξέφαινον
828 1410 885 1466 πᾶν

87 1497 113 1550 οἰ
126 1495 158 1552 τό
172 1494 314 1569 μαντήϊον·
337 1493 505 1568 ἐκφήναντες
523 1495 553 1551 δὲ
566 1494 674 1551 ἐδέοντο
689 1492 767 1566 αὐτοὶ
780 1496 818 1568 τῷ
832 1494 884 1570 θεῷ

86 1604 134 1654 μιν
147 1581 302 1637 πείθεσθαι.
342 1579 500 1636 Μιλτιάδεα
514 1580 543 1637 δέ
556 1577 716 1637 α’κοῦσαντα
729 1579 884 1653 παραυτίκα

88 1666 181 1723 ἔπεισε
195 1664 210 1739 ό
225 1665 318 1744 λόγος,
334 1665 378 1723 οἶα
399 1664 555 1741 οἷχθόμενόν
576 1690 606 1723 τε
624 1668 659 1740 τῇ
673 1664 883 1739 Πεισιστράτου

87 1750 162 1829 α’ρχῇ
187 1752 231 1808 καὶ
253 1750 431 1826 βουλόμενον
455 1755 484 1808 ἐκ
508 1752 600 1810 ποδῶν
624 1750 702 1810 εἶναι·
731 1749 828 1810 αὐτίκα
854 1752 884 1810 δὲ

87 1838 193 1914 ἐστάλη
215 1844 241 1900 ἐς
263 1838 394 1912 Δελφοῦς
413 1839 627 1915 ἐπειρησόμενος
647 1838 680 1899 τό
701 1838 882 1918 χρηστήριον,

86 1929 110 1983 εἰ
130 1926 224 2001 ποιοίη
245 1925 280 1984 τά
301 1951 352 2000 περ
373 1925 456 1984 αὐτοῦ
476 1929 501 1984 οἶ
520 1926 662 2007 Δόλογκοι
682 1926 866 2003 προσεδέοντο
873 1954 881 1996 ;

86 2013 265 2089 Κελευοῦσης
284 2014 312 2072 δὲ
330 2014 375 2071 καί
392 2018 443 2088 τῆς
456 2015 572 2090 Πυθίης,
588 2014 658 2074 οὕτω
675 2015 709 2089 δή
725 2013 881 2089 Μιλτιάδης
890 2018 928 2075 36

85 2099 101 2158 ό
121 2103 265 2178 Κυψέλόυ,
282 2100 427 2176 Ὀλύμπια
447 2101 599 2178 αἷναιρηκῶς
622 2102 757 2179 πρότερον
778 2100 881 2161 τούτων

84 2189 233 2268 τεθρίππῳ,
256 2189 320 2248 τότε
343 2188 519 2263 παραλαβῶν
541 2188 696 2264 Ἀθηναίων
718 2187 809 2264 πάντα
832 2189 882 2254 τόν

83 2276 258 2352 βουλόμενον
278 2277 404 2354 μετέχειν
424 2280 474 2334 τοῦ
494 2275 609 2345 στόλου,
627 2277 708 2334 ἔπλεε
730 2275 881 2352 ἅμαιτοῖσι

85 2362 258 2443 Δολόγκοισι
272 2366 317 2421 καὶ
333 2365 399 2441 ἔσχε
412 2361 463 2438 τήν
474 2361 576 2442 χῶρην·
591 2364 639 2422 καί
646 2389 694 2439 μιν
705 2366 732 2422 οἱ
743 2365 888 2446 ἐπαγαγό-’

83 2474 165 2524 μενοι
181 2449 314 2527 τύραννον
337 2449 554 2525 κατεστήσαντο.
596 2451 612 2510 ό
639 2451 668 2510 δέ
694 2455 805 2528 πρῶτον
828 2455 879 2528 μὲν

46 2546 54 2559 ”
84 2535 244 2613 ἀπετείχισε
258 2537 308 2596 τόν
328 2537 430 2613 ἰσθμόν
451 2541 500 2612 τῆς
514 2538 699 2615 Χερσονήσου
714 2543 743 2596 ἐκ
757 2540 880 2615 Καρδίης

83 2620 182 2684 πόλιος
196 2627 223 2684 ἐς
231 2623 371 2698 Πακτύην,
384 2624 427 2683 ἵνα
440 2623 480 2700 μή
495 2626 584 2702 ἔχοιέν
598 2631 689 2700 σφεας
704 2628 730 2684 οἶ
739 2625 879 2702 Ἀψίνθιοι

68 2744 71 2749 -
83 2709 235 2782 δηλέεσθαι
249 2709 440 2784 ἐσβάλλοντες
454 2717 480 2774 ἐς
493 2711 545 2786 τήν
557 2711 667 2790 χῶρην..
692 2712 747 2771 εἰσὶ
761 2712 789 2770 δὲ
803 2711 879 2773 οὗτοι

82 2795 192 2855 στάδιοι
209 2797 240 2866 ἐξ
254 2823 285 2856 τε
299 2797 344 2854 καὶ
357 2797 505 2874 τριήκοντα
517 2797 567 2857 τοῦ
583 2801 694 2876 ἰσθμοῦ·
716 2797 771 2858 οἷπό
786 2800 816 2857 δὲ
829 2803 879 2858 τοῦ

82 2883 185 2958 ἰσθμοῦ
202 2884 302 2943 τούτου
320 2883 534 2961 ήΧερσόνησος
556 2886 621 2944 εἴσω
642 2886 723 2945 πᾶσά
737 2891 797 2944 ἐστι
812 2912 878 2944 στα-

82 2969 145 3029 δίων
164 2972 253 3031 εἰκοσι
271 2972 316 3030 καὶ
334 2973 519 3046 τετρακοσίων
537 2972 570 3030 τό
585 2977 683 3048 μῆκος.
709 2972 932 3041 ’Ἂπατειγζι-ἳςλ

80 3083 134 3119 σας
151 3057 189 3117 ῶν
205 3059 255 3119 τόν
276 3057 382 3139 αῦχένα
403 3064 455 3137 τῆς
471 3060 670 3139 Χερσονήσου
693 3050 918 3141 ὂλδῦκτώῗῆᾒ

68 3144 117 3199 καί
137 3145 205 3208 τοῦς
222 3147 394 3228 Ἀψινθίους
413 3150 518 3230 τρόπω
536 3147 668 3224 τοιαῦτιη
689 3140 862 3212 ῶσδμῑνῦἳι
880 3145 942 3175 “³¹⁹¹

886 3205 892 3223 ι

55 3230 172 3289 λοιπῶν
184 3235 338 3310 πρώτοισι
355 3240 540 3317 ἐπολέμησε
554 3228 817 3310 Δαμψακηνῶισι·
847 3229 903 3263 και
918 3218 969 3268 xhw
