2024 3450
117 101 149 149 28
403 99 608 149 ·ἯΡοΔΟΤοΤ
782 130 786 134 Α
872 96 920 160 [Κ.

116 176 275 253 ἀπῆλλαξε·
297 176 344 235 καὶ
365 174 553 256 Ἀγχιμολίου
577 176 632 236 εἶσὶ
652 177 742 253 ταφαὶ
759 179 810 252 τῆς
829 175 920 238 Ἀττι-

116 270 165 341 κῆς
191 264 379 343 Ἀλωπεκῆσι,
414 262 504 344 ἀγχοῦ
528 291 561 324 το
604 263 778 343 Ἡρακληΐου
804 268 855 325 τοῦ
894 271 923 327 ἐν

68 354 106 411 64
116 352 304 433 Κυνοσάργεϊ.
346 351 429 410 Μετά
455 352 492 422 δὲ,
514 352 729 429 Λακεδαιμόνιοι
755 353 829 429 μέζω
851 353 922 414 στό-

116 446 168 502 λον
181 441 343 504 στείλαντες
356 439 525 518 ἀπέπεμψαν
534 441 580 499 ἐπὶ
592 440 642 503 τάς
655 439 784 516 Ἀθήνας,
799 466 924 518 στρατη-

113 528 166 610 γόν
186 534 236 605 τῆς
256 531 390 608 στρατιῆς
409 526 591 597 ἀποδέξαντες
611 527 739 604 βασιλέα
757 529 924 604 Κλεομένεα

114 616 164 679 τόν
175 617 400 694 Ἀναξανδριδεω,
412 616 502 676 οὐκέτι
515 617 585 675 κατὰ
596 614 750 677 θάλασσαν
761 615 924 680 στείλαντες

124 705 132 724 ’
172 707 191 767 ά
202 705 261 767 κατ’
274 706 399 783 ῆπειρον.
419 710 496 764 τοῖσι
510 706 540 764 δὲ
554 706 716 780 ἐσβαλοῦσι
728 709 755 767 ἐς
767 703 819 779 τῆν
832 703 923 765 Ἀττι-

115 795 166 871 κῆν
179 797 272 874 χώρην
282 795 301 869 ηι
313 799 368 854 τῶν
383 797 541 852 Θεσσαλῶν
556 793 640 857 ἵππος
650 795 747 870 πρώτη
756 793 921 870 προσέμιξε,

115 885 161 941 καὶ
175 883 206 941 οὗ
220 882 291 958 μετά
304 881 378 941 πολι)
393 881 536 958 ἐτράπετο·
562 882 610 941 καί
622 888 718 957 σφεων
734 885 837 942 ἔπεσον
850 880 922 960 ώπέρ

114 969 321 1046 τεσσεράκοντα
338 968 445 1046 ἄνδρας,
461 972 487 1028 οἱ
501 969 530 1028 δέ
543 971 751 1050 περιγενόμενοι
767 967 921 1030 ἀπαλλάσ-

114 1082 200 1116 σοντο
214 1057 249 1120 ώς
264 1057 339 1136 εἶχον
354 1057 413 1121 ῑθύς
427 1058 473 1118 ἐπὶ
491 1059 663 1134 Θεσσαλίης.
707 1058 870 1135 Κλεομένης
890 1059 922 1119 δέ

114 1143 280 1221 ἀπικόμενος
298 1150 325 1209 ἐς
340 1147 372 1206 τό
387 1145 459 1207 ἀστυ
477 1146 535 1222 αἷμα
548 1145 701 1222 Ἀθηναίων
716 1150 793 1206 τοῖσι
813 1146 921 1222 βουλο-

113 1233 225 1308 μένοισι
239 1233 307 1292 εἶναι
321 1235 501 1310 ἐλευθέροισι,
517 1233 677 1311 ἐπολιόρκεε
694 1233 758 1298 τοάς
770 1233 922 1311 τυράννους

69 1323 106 1380 65
116 1319 306 1402 ἀπεργμένους
326 1328 354 1382 ε’ν
370 1327 407 1402 τῷ
429 1327 600 1402 Πελασγικῷ
614 1322 736 1404 [τείχεῐῆ.
767 1322 825 1381 Καὶ
841 1323 921 1385 οθδέν

112 1435 140 1467 τι
154 1409 263 1473 πάντως
282 1407 315 1470 ἂν
335 1412 442 1480 ἐξεῖλον
461 1409 525 1472 τούς
539 1411 775 1487 Πεισιστρατίδας
790 1414 816 1470 οἶ
829 1417 920 1473 Λακε-

113 1498 259 1576 δαιμόνιοι·
275 1501 338 1561 οὔτε
350 1500 404 1582 γάρ
419 1500 536 1577 ἐπέδρην
551 1498 677 1558 ἐπενόεον
690 1498 876 1575 ποιήσασθαι,
889 1502 922 1560 οἵ

112 1614 143 1647 τε
158 1590 392 1667 Πεισιστρατίδαι
410 1590 518 1650 σίτοισι
533 1589 579 1646 καὶ
592 1590 706 1646 ποτοῖσι
721 1585 750 1644 εὖ
763 1613 918 1664 παρεσκευ-

112 1676 208 1738 άδατο·
230 1678 474 1756 πολιορκήσαντές
487 1703 517 1736 τε
526 1674 564 1734 ἀν
578 1675 681 1752 ἡμέρας
700 1674 805 1755 ὀλίγας,
826 1674 918 1737 ἀπαλ-

113 1764 260 1824 λάσσοντο
281 1772 308 1827 ἐς
328 1765 379 1840 τῆν
403 1763 545 1840 Σπάρτην·
571 1766 619 1821 νῦν
637 1764 665 1820 δὲ
685 1763 820 1840 συντυχίη
840 1767 918 1825 τοῖσι

112 1852 164 1924 μὲν
175 1851 244 1924 κακῆ
257 1852 409 1929 ἐπεγένετο,
420 1855 496 1908 τοῖσι
511 1848 571 1921 δέῆ
587 1849 656 1922 αὐτῆ
672 1849 740 1923 αὕτη
752 1849 915 1931 σύμμαχος·

111 1935 320 2012 ὑπεκτιθέμενοι
343 1937 397 2016 γάρ
422 1937 472 2003 ἐξω
495 1937 545 2008 τῆς
567 1935 658 2010 χώρης
686 1938 712 1992 οἶ
739 1937 834 2000 παῖδες
862 1944 918 2002 τῶν

114 2021 369 2101 Πεισιστρατιδέων
399 2022 524 2098 ἥλωσαν·
565 2024 648 2080 τοῦτο
676 2021 705 2080 δὲ
734 2021 769 2083 ώς
797 2025 916 2104 ἐγένετο,

112 2112 204 2173 πάντα
228 2110 317 2172 αὐτῶν
336 2111 371 2170 τοὶ
395 2108 547 2189 πρήγματα
575 2109 802 2186 συνετετάρακτο·
831 2116 917 2193 παρέ-

112 2227 225 2277 στησαν
233 2201 262 2259 δὲ
273 2201 318 2258 ἐπὶ
326 2200 420 2277 μισθῷ
427 2202 504 2258 τοῖσι
511 2199 634 2269 τέκνοισι
642 2197 683 2257 ἐπ’
692 2199 751 2258 οἶσι
760 2201 916 2275 ἐβούλοντο

112 2293 139 2347 οἶ
155 2288 309 2364 Ἀθηναῖοι,
325 2286 396 2346 ὥστε
417 2292 446 2346 ἐν
467 2287 549 2346 πέντε
569 2286 691 2365 ῆμέρῃσι
709 2293 868 2366 ἐκχωρῆσαι
885 2298 916 2352 ἐκ

112 2380 162 2450 τῆς
173 2375 312 2450 Ἀττικῆς·
329 2375 401 2451 μετά
415 2377 452 2446 δὲ,
468 2375 644 2454 ἐξεχώρησαν
658 2381 685 2438 ἐς
696 2377 806 2456 Σίγειον
820 2378 853 2438 τά
869 2382 915 2440 ἐπὶ

111 2467 149 2542 τῷ
166 2462 344 2543 Σκαμάνδρῳ·
366 2464 497 2542 ἄρξαντες
512 2466 563 2541 μὲν
578 2463 732 2538 Ἀθηναίων
750 2465 791 2523 ἐπ’
805 2468 865 2526 ἐτεα
885 2470 917 2540 ἔξ

112 2576 143 2609 τε
171 2554 216 2612 καὶ
242 2551 399 2630 τριήκοντα,
428 2552 516 2616 ἐόντες
543 2553 572 2611 δὲ
601 2553 646 2611 καὶ
674 2550 750 2611 οὗτοι
780 2553 915 2618 οἷνέκαθεν

113 2639 219 2699 Πύλιοί
235 2667 266 2700 τε
287 2643 332 2700 καὶ
356 2642 502 2718 Νηλεΐδαι,
526 2646 556 2700 ἐκ
578 2645 633 2700 τών
656 2641 745 2700 αὐτῶν
767 2644 915 2723 γεγονότες

113 2729 158 2786 καὶ
179 2731 205 2787 οἷ
225 2728 300 2804 ἀμφὶ
317 2729 427 2806 Κόδρον
448 2755 479 2789 τε
493 2731 539 2787 καὶ
556 2728 715 2800 Μέλανθον,
731 2730 757 2789 οἳ
775 2731 929 2810 πρότερον·

113 2815 246 2891 ἐπήλυδες
260 2815 356 2886 ἐόντες,
372 2817 498 2896 ἐγένοντο
519 2817 665 2891 Αθηναίων
679 2818 826 2893 βασιλέες.
867 2823 915 2882 ἐπὶ

112 2903 211 2962 τούτου
231 2903 323 2962 δὲκαὶ
340 2903 427 2963 τώυτδ
446 2902 551 2980 οὔνομα
571 2904 801 2981 ἀπεμνημόνευσε
818 2906 914 2969 Ἱππο-

112 2992 213 3069 κράτης
234 2996 273 3070 τῷ
289 2992 366 3050 παιδὶ
381 2992 490 3060 θέσθαι,
504 2992 553 3052 τόν
568 2996 785 3071 Πεισίστρατον,
803 2994 849 3054 ἐπὶ
862 3003 913 3058 τοΐ

111 3081 256 3158 Νέστορος
275 3078 484 3155 Πεισιστράτου
501 3081 662 3157 ποιεύμενος
678 3084 729 3158 τῆν
747 3085 912 3160 ἐπωνυμίην.

107 3169 179 3228 οὕτω
194 3173 253 3246 μέν
272 3168 415 3247 Ἀθηναῖοι
433 3167 570 3245 τυράννων
590 3170 832 3248 ἀπαλλάχθησαν·
860 3172 918 3232 ὅσα

90 3253 125 3311 θέ
136 3260 378 3339 ἐλευθερωθέντες
399 3258 484 3340 ἔρξαν
499 3257 519 3337 ἢ
538 3258 646 3320 ἔπαθον
665 3255 805 3334 ἀξιόχρεα
821 3255 933 3328 ἀπηγή-
