2024 3450
67 107 174 173 ιιι-ιτ]
379 111 566 161 Κιιιιοαα.
817 112 862 162 321

66 186 234 262 ἐποιήσαντο
258 187 353 264 θήκας·
389 191 453 249 ἔνθα
476 193 528 266 μὲν
548 191 613 254 τούς
640 193 728 268 ἰρένας
750 192 864 271 ἔθαψαν,

65 279 119 333 τῶν
142 275 187 333 καί
210 274 397 338 Ποσειδώνιος
421 278 467 335 καί
486 276 702 356 ’Λμομφιίρετος
722 280 797 355 ἦσαν
820 280 865 339 καὶ

65 362 208 422 Φιλοκύων
227 364 320 421 τεκαὶ
341 363 550 442 Καλλικράτης.
593 370 621 425 ἐν
638 370 690 441 μὲν
710 368 743 442 δή
761 369 799 427 ἔνί
810 373 866 428 τῶν

64 449 162 523 τάφων
184 449 260 525 ἦσαν
285 454 311 509 οἰ
333 450 425 527 ἰρένες·
461 457 490 511 ἓν
514 452 543 510 δὲ
565 455 603 529 τῷ
627 455 708 531 ἑτέρῳ
732 457 758 512 οἱ
781 453 865 514 ἄλλοι
926 453 928 456 ’

66 537 250 613 Σπαρτιῆται·
272 543 300 596 έν
314 538 343 596 δὲ
361 542 398 616 τῷ
416 539 507 616 τρίτῳ,
523 541 549 597 οἰ
566 539 685 601 εἵλωτες.
727 538 803 598 οὗτοι
816 545 867 615 μὲν

66 621 136 682 οὕτω
159 624 287 683 ἔθαπτον.
329 630 464 705 Τεγεῆται
489 625 519 684 δὲ
541 626 624 704 χωρὶς
648 625 753 689 πάντας
773 626 866 689 ἁλέας·

68 710 112 766 καί
130 708 274 785 Ἀθηναῖοι
292 710 356 774 τοιίς
375 715 480 772 ἑωυτῶν
499 711 580 789 ὁμοῦ·
608 714 653 771 καί
674 715 817 795 Μεγαρέες
836 739 866 772 τε

67 796 113 853 καί
140 795 274 856 Φλιάσιοι
298 798 364 860 τούς
385 798 440 858 ὑπό
468 804 518 872 τῆς
546 800 632 859 ἵππου
656 800 864 878 διαφθαρέντας.

65 882 171 943 τούτων
187 886 240 960 μὲν
256 884 290 959 δῆ
307 885 417 946 πάντων
432 887 551 964 πλήρεες
572 890 698 968 ἐγένοντο
721 891 747 948 οἰ
770 888 866 964 τάφοι·

66 973 121 1029 τῶν
148 971 177 1028 δὲ
203 970 299 1032 ἄλλων
319 973 384 1033 ὅσοι
412 975 457 1033 καὶ
479 976 624 1051 φαίνονται
646 982 674 1037 ἐν
702 981 867 1056 Πλαταιῇσι

67 1057 157 1123 ε’όντες
169 1060 265 1138 τάφοι,
278 1062 392 1127 τούτους
405 1064 442 1137 δὲ,
458 1063 493 1128 ὦς
507 1064 560 1145 ε’γιδ
573 1065 755 1143 πυνθάνομαι,
770 1071 866 1125 έπαισ-

65 1142 233 1226 χυνομένους
245 1154 281 1229 τῆ
294 1151 413 1212 ιίπεστόῖ
426 1156 476 1228 τῆς
488 1153 589 1231 μα’χης,
605 1153 738 1216 ἑκάστους
750 1153 868 1230 χώματα

65 1239 158 1314 χῶσαι
179 1238 262 1307 κεινοί,
283 1244 337 1299 τῶν
358 1240 553 1319 ἐπιγινομένων
582 1241 681 1299 εἵνεκεν
709 1239 867 1313 ἀνθρώπων.

67 1323 127 1381 ε’πεί
143 1326 188 1381 καί
207 1328 375 1403 Αἰγινητέων
393 1328 458 1384 ε’σκέ
474 1325 571 1384 αὐτόθι
590 1325 758 1400 καλεόμενος
770 1323 869 1397 τάφος,

66 1408 118 1466 τόν
136 1410 188 1488 ἐγω
210 1410 299 1468 ἀκούω
317 1412 363 1469 καί
381 1412 448 1468 δέκα
466 1411 541 1469 ἔτεσι
556 1409 674 1487 ὕστερον
689 1410 760 1488 μετιί
773 1415 868 1480 ταῦτα,

68 1493 218 1568 δεηθέντων
250 1501 305 1556 τῶν
340 1497 515 1578 Αἰγινητέων,
543 1500 636 1574 χῶσαι
663 1497 794 1573 Κλεάδην
821 1497 870 1557 τόν

68 1580 222 1641 Αὐτοδίκου
236 1581 321 1660 ἄνδρα
336 1584 490 1653 Πλαταιέα,
505 1584 649 1660 πρόξεινον
663 1584 743 1644 ἐόντα
757 1583 855 1643 αὐτῶν.

108 1669 157 1733 Ὡς
173 1668 196 1728 δ’
215 1668 268 1747 ἅρα
288 1673 394 1749 ἔθαψαν
411 1670 476 1734 τούς
492 1671 603 1747 νεκροῦς
616 1675 645 1732 έν
664 1675 829 1750 Πλαταιῇσι
843 1672 915 1730 οἶ86

65 1760 210 1834 Ἕλληνες,
230 1758 327 1818 αὐτίκα
344 1759 582 1835 βουλευομένοισί
600 1766 655 1835 σφι
673 1759 764 1819 ε’δόκεε
784 1785 868 1837 στρα-

68 1848 198 1907 τεύεσθαι
219 1846 264 1905 ἐπὶ
284 1848 333 1908 τοίς
354 1847 460 1922 Θήβας,
482 1848 527 1904 καὶ
548 1847 676 1915 ἐξαιτέειν
697 1847 786 1908 αὐτῶν
805 1847 869 1910 τούς

68 1936 247 2011 μηδίσαντας,
269 1939 298 1995 ε’ν
316 1934 453 2011 πρώτοισι
471 1934 500 1992 δὲ
517 1933 605 1993 αὐτῶν
622 1936 805 2017 Τιμηγενίδην
824 1936 869 1992 καί

68 2021 240 2105 Ἀτταγῖνον,
262 2023 289 2081 οἰ
309 2021 461 2102 ἀρχηγέται
479 2020 531 2080 αἰναί
547 2020 671 2103 πρώτους
685 2020 769 2097 ἦσαν·
790 2020 824 2096 ῆν
840 2021 869 2078 δὲ

69 2110 109 2187 μῆ
139 2110 274 2180 ἐκδιδῶσι,
302 2110 343 2188 μῆ
370 2109 580 2169 ἀπανίστασθαι
609 2108 666 2168 ἆπδ
693 2114 744 2185 τῆς
770 2108 870 2170 πόλιος

69 2199 205 2277 πρότερον
224 2198 242 2276 ή
263 2199 391 2270 ἐξέλωσι·
413 2197 448 2262 οἰς
468 2198 500 2257 δέ·
519 2204 573 2273 σφι
594 2202 681 2258 ταῦτα
702 2199 784 2268 ἔδοξε,
799 2195 869 2256 οὕτω

70 2287 104 2362 δῆ
125 2288 253 2367 ἑνδεκάτη
273 2289 364 2368 ῆμέρη
384 2287 441 2348 αἶπδ
461 2291 511 2364 τῆς
535 2288 687 2364 συμβολῆς
708 2286 870 2364 α’πικόμενοι

71 2375 250 2451 ἐπολιόρκεον
276 2379 427 2452 Θηβαίους,
455 2375 614 2439 κελεύοντες
643 2377 776 2437 ἐκδιδόναι
805 2375 870 2439 τούς

71 2459 179 2536 ἄνδρας·
201 2461 242 2520 οὗ
251 2465 432 2539 βουλομένων
456 2463 485 2522 δὲ
502 2469 558 2523 τῶν
575 2466 707 2539 Θηβαίων
726 2462 867 2536 ἐκδιδόναι,

70 2546 121 2620 τήν
141 2571 172 2605 τε
190 2539 246 2627 γῆν
265 2549 357 2609 αὐτῶν
375 2552 491 2627 ἔταμνον
512 2552 557 2609 καὶ
577 2552 781 2627 προσέβαλλον
801 2552 870 2628 πρός

70 2633 103 2693 τό
124 2637 226 2712 τεῖχος.
239 2672 248 2684 ··
268 2636 330 2694 Καί
343 2636 384 2715 Ιοὐ
410 2637 465 2717 γὰρ
493 2636 626 2696 ἐπαύοντο
649 2639 812 2716 σινεόμενοι,
835 2641 868 2697 εἰ·
878 2637 916 2698 87

72 2725 162 2799 κοστῆ
186 2720 277 2800 ῆμέρῃ
304 2723 381 2792 ἔλεξε
407 2728 483 2783 τοῖσι
509 2725 663 2799 Θηβαίοισι
677 2726 870 2807 ΙΤιμηγενίδης

70 2808 145 2867 τόδε·
168 2819 185 2844 “
194 2807 290 2886 ἅνδρες
304 2811 436 2887 Θηβαῖοι,
454 2811 546 2886 ἐπειδή
565 2811 635 2871 οὕτω
651 2815 777 2872 δέδοκται
793 2815 870 2869 τοῖσι

68 2892 203 2971 Ἕλλησι,
216 2897 256 2973 μῆ
270 2897 405 2975 πρότερον
415 2896 612 2973 ἀ’παναστῆναι
625 2895 870 2972 πολιορκέονταςή

73 2981 190 3050 ἐξέλωσι
210 2985 317 3061 Θήβας,
338 2984 357 3062 ἦ
373 2984 461 3062 ῆμέας
481 2986 591 3046 αὐτοῖσι
604 2986 755 3062 παραδῶτε,
770 2987 817 3040 νῦν
833 2982 870 3043 ὧν

72 3067 165 3143 ήμέων
185 3070 274 3131 εἰνεκα
294 3079 332 3155 γῆ
352 3073 371 3150 ῆ
392 3074 511 3150 Βοιωτίη
538 3074 617 3130 πλέω
647 3071 688 3145 μὴ
714 3068 882 3165 εἰναπδείχση

72 3154 139 3213 ἄλλ’
152 3159 178 3214 εἶ
191 3160 247 3233 μὲν
264 3161 419 3242 χρημάτων
439 3164 611 3244 χρηίζοντες
631 3155 803 3231 219ssva
815 3147 920 3246 {KQ}

62 3241 241 3323 ἐξαίῗέθνῒαι,
256 3253 402 3332 Χρήματό,
416 3260 480 3332 σῲι
496 3253 595 3328 δῶμεν
612 3250 649 3304 ἘΚ
663 3242 721 3301 '1'on
743 3250 856 3292 KQWQW
884 3239 945 3272 mw
