2024 3450
75 107 186 172 ιιι-ιο]
373 107 576 157 τιννικονιι.
847 113 878 156 ω

75 213 133 257 κας,
144 187 196 264 τήν
209 186 239 246 δὲ
253 187 360 262 έσθῆτα
373 188 554 262 μετέβαλλον
567 185 671 247 αὐτέων
684 190 713 251 ές
725 185 778 263 τήν
790 185 877 246 Ἰάδα·

75 275 194 351 ἐφόρεον
208 273 265 356 γάρ
282 273 315 349 δή
335 273 390 350 πρδ
404 277 455 334 τοῦ
472 277 501 332 αἱ
518 279 573 334 τῶν
585 273 740 350 Ἀθηναίων
752 278 878 355 γυναῖκες

76 363 184 437 ἐσθῆτα
197 362 317 438 Δωρίδα,
330 366 366 440 τῇ
381 362 517 440 Κορινθίῃ
530 362 816 438 παραπλησιωτάτην·
829 389 877 438 μεκ

74 451 221 525 τέβαλλον
239 449 276 509 ὧν
294 454 320 512 ἔς
338 448 387 509 τόν
405 449 498 508 λίνεον
512 450 622 517 κιθῶνα,
637 450 681 507 ἵνα
695 448 728 524 δή
742 448 877 528 περόνῃσι
921 451 951 580 ’ῃ

73 538 114 614 μή
127 540 271 616 χρέωνται·
294 538 366 616 (ἔστι
380 536 409 594 δὲ
423 535 525 610 άληθέῖ
538 534 615 616 λόγῳ
628 537 810 613 χρεωμένοισι
827 536 876 596 οὐκ

73 623 131 688 Ἰάς
152 625 222 700 αὕτη
240 623 259 699 ή
278 624 364 698 ἐσθής
383 623 416 682 τά
435 623 566 693 παλαιάν,
585 621 663 681 άλλά
677 621 794 699 Κάειρα·
815 626 874 683 ἐπεὶ

74 711 93 780 ἤ
107 738 140 791 γε
152 711 307 787 Ἑλληνική
327 710 413 785 ε’σθής
429 715 510 770 πᾶσα
523 710 542 786 ή
555 709 659 788 άρχαίη
676 713 732 770 τῶν
743 715 878 790 γυναικῶν
887 715 926 772 88

75 794 95 871 ή
108 799 179 874 αὕτη
194 798 229 874 ἦν
241 797 293 872 τήν
309 802 358 858 νῦν
371 798 483 875 Δωριδα
499 798 659 877 καλέομεν)
678 800 756 858 τοῖσι
773 798 803 856 δὲ
815 797 878 876 Ἀρ-

75 886 180 963 γείοισι
197 885 248 945 καὶ
269 885 348 944 τοῖσί
366 885 534 965 Αἰγινήτῃσι
556 886 602 944 καὶ
627 884 698 963 πρδς
723 889 812 946 ταῦτα
836 888 875 945 ἔτι

73 973 139 1032 τόδε
157 977 278 1049 ποιῆσαι
297 973 382 1050 νόμον
396 973 464 1033 εἶναι
481 973 557 1050 παρά
571 979 627 1049 σφι
642 975 807 1051 ἑκατέροισι·
827 974 877 1039 τάς

72 1059 193 1137 περόνας
211 1061 342 1137 ἡμιολίας
364 1063 510 1122 ποιέεσθαι
532 1066 582 1122 τοῦ
603 1060 667 1122 τότε
682 1063 877 1126 κατεστεῶτος
919 1127 922 1133 ,

72 1149 183 1226 μέτρου,
202 1150 249 1208 καὶ
271 1154 298 1213 ές
318 1149 351 1210 τά
375 1149 435 1226 ἱρόν
455 1154 511 1210 τῶν
533 1150 603 1209 θεῶν
620 1151 739 1210 τουτέων
758 1150 876 1226 περόνας

72 1236 205 1312 μάλιστα
217 1237 430 1297 ἀνατιθέναι
395 1264 445 1300 τας
460 1241 604 1347 γυναῖκας·
622 1236 750 1297 Ἀττικόν
764 1237 846 1295 δε
805 1263 876 1312 μητε

71 1350 100 1383 τι
121 1324 196 1385 άλλο
218 1326 392 1402 προσφέρειν
413 1325 483 1401 πρός
505 1325 539 1385 τά
562 1324 629 1432 ἱρόν,
651 1323 722 1432 μήτε
744 1325 873 1399 κέραμον,

73 1411 168 1470 ἀλλ’
156 1440 186 1472 εκ
207 1413 376 1520 χυτρίδων’
364 1413 531 1490 επιχωριέων
547 1411 636 1519 γάμον
653 1438 686 1469 το
677 1409 807 1469 λοιπδν
826 1435 872 1466 αυ-

72 1499 176 1558 τόθι’
150 1525 219 1558 ειναι
233 1499 328 1557 πίνειν.
371 1498 505 1579 Ἀργείων
518 1498 570 1572 μέν
588 1523 637 1555 νυν
650 1523 696 1554 και
685 1497 877 1575 Αιγινητέων

74 1589 104 1642 αἱ
117 1591 245 1664 γυναῖκες
260 1586 288 1641 ἔκ
302 1610 333 1642 τε
346 1584 435 1642 τόσου
449 1581 508 1640 κατ’
523 1584 579 1659 ἔριν
592 1586 646 1641 τῶν
658 1582 812 1657 Ἀθηναίων
829 1608 876 1641 πε·

74 1698 107 1746 p:
101 1672 157 1733 ’νας
172 1673 211 1731 ἔτι
225 1697 271 1729 και
261 1670 339 1733 ks·
327 1695 376 1746 εμε
365 1669 510 1777 ἐφόρεον
523 1666 670 1745 μέζονας
652 1695 671 1744 η
684 1668 740 1745 πρά
753 1674 813 1728 τοῦ.

116 1763 172 1832 Τῆς
196 1757 226 1815 δὲ
248 1758 366 1835 ἔχθρης
371 1761 421 1866 τῆς
442 1757 513 1834 πρὸς
530 1756 679 1837 Αἰγινήτας
699 1755 920 1832 Ἀθηναίοισιδθ

75 1846 225 1925 γενομένης
244 1843 320 1924 άρχή
339 1844 410 1905 κατά
427 1844 464 1905 τά
481 1846 586 1922 εἴρηται
600 1845 717 1951 ἐγένετο.
758 1843 822 1906 τοτε
841 1846 875 1955 δη

74 1932 207 2008 Θηβαίων
235 1932 463 2010 ἐπικαλεομένων,
487 1931 634 2010 προθύμως
665 1937 720 1993 τῶν
747 1935 811 2011 περὶ
837 1934 891 1993 τά

74 2019 230 2100 άγάλματα·
245 2021 400 2102 γενομένων
418 2020 694 2098 ἀναμιμνησκόμενοι
718 2024 744 2080 οἱ
763 2026 873 2102 Αἰγινῆ-

72 2133 119 2167 ται
142 2109 279 2186 ἐβοήθεον
298 2113 382 2169 Ιτοῖσι
405 2110 565 2168 Βοιοποῖσι.
608 2108 758 2187 Αἰγινῆταί
781 2134 813 2167 τε
838 2109 872 2184 δή

72 2195 167 2277 ε’δήευν
180 2196 372 2274 τὴς-Ἀττικῆς
384 2197 420 2257 τά
436 2195 669 2273 παραθαλάσσια,
684 2195 731 2253 καὶ
747 2194 874 2271 Ἀθηναί-

73 2312 131 2345 οισι
145 2286 348 2363 ὀρμεωμένοισι
361 2283 402 2343 ἐπ’
414 2283 563 2364 Αἰγινήτας
577 2283 789 2360 στρατεύεσθαι,
803 2284 874 2361 ἦλθε

71 2373 218 2449 μαντήϊον
231 2375 266 2432 ε’κ“
283 2376 406 2448 Δελφῶν
429 2371 597 2451 ἐπισχόντας
613 2370 671 2432 α’πδ
692 2375 743 2431 τοῦ
762 2377 874 2453 Αἰγινη-

71 2461 140 2519 τέων
158 2460 265 2520 άδικίου
284 2461 434 2537 τριήκοντα
452 2462 521 2530 ἔτεα,
536 2465 574 2540 τῷ
593 2461 632 2519 ἑνὶ
650 2460 697 2517 καὶ
709 2467 873 2540 τριηκοστῷ,

72 2551 167 2624 Αἰακῷ
182 2549 295 2624 τέμενος
312 2546 498 2618 άποδέξαντας
520 2547 659 2627 άρχεσθαι
677 2552 727 2607 τοῦ
745 2548 816 2625 πρός
834 2555 880 2608 Αἰ-

71 2634 186 2714 γινήτας
207 2637 343 2711 πολέμου·
365 2637 414 2694 καί
430 2643 487 2712 σφι
507 2635 648 2714 χωρήσειν
660 2635 696 2695 τά
709 2634 872 2712 βούλονται·

71 2721 106 2797 ἢν
119 2717 149 2780 δὲ
163 2723 261 2782 αὐτίκα
276 2725 534 2802 ἐπιστρατεύωνται,
549 2723 646 2782 πολλά
664 2724 716 2800 μέν
735 2731 826 2800 σφεας
845 2731 874 2784 ἒν

71 2814 110 2889 τῷ
122 2811 227 2888 μεταξι)
240 2816 291 2871 τοῦ
304 2812 408 2891 χρόνου
418 2813 570 2872 πείσεσθαι
580 2811 677 2872 πολλοὶ
691 2812 721 2870 δὲ
736 2814 781 2871 καὶ
795 2812 874 2888 ποιή·

72 2924 144 2958 σειν·
164 2901 246 2962 τέλος
258 2901 354 2975 μέντοι
369 2901 623 2978 καταστρέψεσθαι.
657 2903 746 2958 ταῦτα
760 2899 795 2962 ὦς
809 2899 874 2958 α’πε-

72 2987 246 3065 νειχθέντα
228 3014 354 3063 ηκουσαν
368 3015 395 3048 οι
386 2987 611 3101 ιἈθηναῖοι,
573 3014 612 3066 τῳ
624 3013 676 3062 μεν
690 2988 829 3063 Αιακῷ’
797 3012 880 3061 τεμε-

73 3099 120 3137 ros·
140 3074 283 3146 ἀπέδεξαν,
297 3081 380 3136 τοῦτο
398 3075 431 3136 τά
451 3080 499 3136 νῦν
515 3077 563 3135 ε’πὶ
578 3079 630 3151 τῆς
642 3073 753 3154 άγομης
759 3072 883 3144 “3va

72 3161 218 3274 τριήκοντα
239 3164 304 3224 δε
287 3191 351 3225 ετεα
372 3193 424 3226 ουκ
441 3164 608 3248 ἀνέσχοντο
626 3161 816 3222 ακοιίσαντες
833 3150 918 3206 ‘hm

53 3247 151 3322 χρεῶν
173 3252 216 3326 εἴη
241 3259 388 3336 ἐπισχεῖν,
417 3257 613 3320 πεπονθότας
639 3273 722 3328 '³9⁰5
751 3232 940 3316 NJWQW
