2024 3450
131 113 179 158 254
443 104 624 153 ἨΡΟΔΟΤΟΤ
831 102 932 168 [VIII.

130 215 218 265 μενοι,
230 193 257 252 ἐς
269 187 321 264 τήν
332 188 479 262 Σαλαμῖνα
492 185 602 244 διένεον·
623 187 678 245 τῶν
692 184 722 244 δὲ
734 183 891 260 βαρβάρων
908 190 938 246 οἶ

130 276 237 335 πολλοὶ
264 281 293 335 ἐν
324 278 359 354 τῇ
387 273 523 350 θαλάσσῃ
554 272 755 349 διεφθάρησαν,
785 273 855 332 νέειν
883 272 938 334 ούκ

132 361 321 439 ἐπιστάμενοι.
363 362 423 421 ἐπεὶ
450 361 479 420 δὲ
506 364 535 418 αἱ
561 363 668 436 πριῦται
689 365 716 422 ές
740 359 834 440 φυγήν
855 360 938 438 ἐτρά-

132 476 228 520 ποντο,
251 452 368 510 ἐνθαῦτα
390 452 419 508 αἱ
439 451 573 507 πλεῖσται
597 448 796 524 διεφθείροντο·
831 451 859 507 οἶ
878 449 938 530 γάρ

133 536 235 599 ὄπισθε
245 539 417 618 τεταγμένοι,
428 540 455 600 ἐς
468 536 500 595 τό
514 534 623 612 πρόσθε
634 539 702 614 τῇσι
712 535 795 610 νηυσὶ
805 537 938 613 παριέναι

132 625 304 704 πειρώμενοι,
331 626 366 689 ὦς
393 624 594 702 ἀποδεξόμενοί
620 650 648 683 τι
675 623 721 682 καὶ
747 621 825 682 αὐτοὶ
853 625 939 706 ἔργον

133 717 262 790 βασιλέϊ,
283 718 351 794 πῇσι
371 717 528 793 σφετέρῃσι
547 713 629 789 νηυσὶ
654 711 832 791 φευγούσῃσι
858 738 938 791 περι·
958 759 961 765 .

133 805 255 864 έπιπτον.

85 892 124 950 90
172 891 301 972 Ἐγένετο
322 891 351 949 δὲ
371 889 418 949 καὶ
437 889 501 949 τόδε
522 893 551 948 ἐν
570 891 608 967 τῷ
629 887 741 967 θορύβῳ
760 887 858 966 τούτῳ·
879 893 939 950 τῶν

133 1003 203 1040 τινες
226 980 359 1038 Φοινίκων
382 981 436 1036 τιῦν
460 980 489 1036 αἶ
509 980 571 1052 νήες
592 977 783 1053 διεφθαρέατο,
806 975 938 1042 ἐλθόντες

133 1066 209 1142 παρά
221 1066 349 1141 βασιλέα
363 1064 517 1140 διέβαλλον
531 1063 707 1137 τοῦςἾωνας,
720 1063 755 1127 ἀς
769 1062 802 1122 δι’
816 1066 938 1130 ἐκείνους

134 1151 289 1212 ἀπολοίατο
317 1155 346 1210 αἱ
370 1157 441 1227 νήες,
467 1151 502 1215 ὥς
528 1152 695 1228 προδόντων·
730 1150 874 1227 συνήνεικε
898 1152 938 1214 ἀιν

134 1238 212 1313 οὕτω,
241 1240 313 1300 ὥστε
339 1239 438 1300 Ἰάνων
458 1267 489 1300 τε
510 1239 575 1302 τοῦς
602 1239 776 1319 στρατηγούς
800 1238 841 1315 μή
866 1239 938 1301 ἀπο-

134 1329 244 1401 λέσθαι,
272 1329 406 1388 Φοινίκων
437 1354 468 1387 τε
498 1327 562 1390 τοῦς
593 1327 801 1402 διαβάλλοντας
830 1330 939 1404 λαβεῖν

134 1416 240 1477 τοιόνδε
253 1416 368 1494 μισθόν·
390 1417 430 1476 ἐτι
440 1416 545 1476 τούτων
557 1418 645 1474 ταῦτα
656 1413 802 1494 λεγόντων,
814 1416 938 1490 ἐνέβαλε

134 1504 180 1580 νηῒ
205 1504 319 1583 Ἀττική
346 1503 538 1581 Σαμοθρηῖκίη
562 1507 635 1578 νηῦς·
669 1501 688 1578 ἥ
711 1527 741 1561 τε
766 1501 799 1577 δή
819 1501 937 1580 Ἀττική

135 1591 289 1663 κατεδύετο,
304 1592 350 1651 καὶ
369 1593 556 1670 ἐπιφερομένη
569 1590 698 1671 Αἰγιναίη
718 1594 783 1666 νηῦς
799 1591 938 1650 κατέδυσε

134 1683 190 1739 τῶν
203 1681 402 1758 Σαμοθρηίκων
414 1679 466 1756 τήν
480 1685 542 1756 νῆα·
560 1680 607 1739 ἀτε
622 1680 656 1755 δή
668 1678 757 1741 ε’όντες
771 1677 937 1738 ἀκοντισταὶ

136 1769 163 1826 οἶ
190 1767 388 1844 Σαμοθρήῖκες,
415 1768 479 1830 τοῦς
501 1767 637 1842 ἐπιβάτας
664 1766 719 1826 ἀπό
743 1770 793 1841 τῆς
820 1766 937 1826 καταδυ·

135 1853 228 1928 σάσης
250 1855 315 1930 νηός
331 1854 492 1929 βάλλοντες
507 1854 660 1930 ἀπήραξαν,
679 1855 725 1912 καὶ
742 1854 889 1930 ἐπέβησάν
904 1881 939 1915 τε

136 1941 182 1999 καὶ
216 1942 301 2019 ἔσχον
329 1941 424 2018 αύτήν.
465 1945 553 2002 ταῦτα
582 1941 717 2021 γενόμενα
747 1941 812 2004 τοῦς
837 1942 939 2006 Ἴωνας

135 2028 282 2107 ἐρρύσατο·
314 2029 349 2094 ἀς
371 2030 426 2111 γάρ
447 2029 503 2090 εἶδέ
524 2037 617 2105 σφεας
637 2029 742 2106 Ξέρξης
764 2031 844 2109 ἔργον
861 2031 939 2111 μέγα

136 2119 351 2198 ἐργασαμένους,
383 2119 517 2195 ἐτράπετο
544 2117 614 2194 πρός
633 2116 698 2181 τοῦς
723 2117 857 2188 Φοίνικας,
889 2118 939 2178 οἷα

135 2205 375 2283 ῦπερλυπεόμενός
406 2232 436 2265 τε
471 2208 517 2265 καὶ
545 2205 650 2270 πάντας
680 2206 846 2282 αἰτιώμενος·
890 2209 942 2268 καί

136 2300 232 2366 σφεων
260 2297 389 2352 ἐκέλευσε
416 2300 465 2355 τάς
493 2293 618 2367 κεφαλάς
642 2293 796 2369 ἀποταμεῖν
825 2293 869 2352 ἵνα
895 2295 939 2372 μή

136 2378 216 2437 αύτοὶ
235 2381 314 2438 κακοὶ
332 2381 475 2460 γενόμενοι
495 2379 559 2441 τούς
578 2379 724 2456 ἀμείνονας
745 2380 939 2457 διαβάλλωσι.

137 2465 217 2544 (ὅκως
243 2465 297 2547 γάρ
324 2492 385 2526 τινα
406 2467 460 2526 ἴδοι
482 2467 587 2543 Ξέρξης
610 2472 664 2528 τῶν
686 2473 785 2528 ἑωυτοῦ
808 2471 889 2549 ἔργον
909 2496 940 2531 τι

137 2551 367 2630 ἀποδεικνύμενον
388 2559 416 2614 έν
435 2558 472 2633 τῇ
492 2555 640 2634 ναυμαχίῃ,
656 2559 808 2632 κατήμενος
826 2555 882 2616 ῦπά
901 2563 942 2638 τῷ

137 2639 212 2716 οὔρεϊ
229 2643 267 2719 τῷ
287 2639 380 2702 ἀντίον
401 2644 561 2722 Σαλαμῖνος
580 2643 613 2703 τό
635 2645 764 2704 καλέεται
784 2643 940 2724 Αἰγάλεως,

136 2726 337 2789 ἀνεπυνθάνετο
358 2729 408 2791 τόν
425 2730 594 2808 ποιήσαντα·
619 2734 665 2791 καὶ
683 2735 710 2792 οἶ
726 2734 943 2813 γραμματισταὶ

137 2813 296 2896 ἀνέγραφον
309 2819 447 2897 πατρόθεν
459 2819 510 2880 τόν
523 2818 692 2899 τριήραρχον
706 2821 752 2879 καὶ
768 2819 819 2896 τήν
832 2818 943 2902 πόλιν.)

136 2905 206 2980 πράς
220 2903 249 2964 δέ
263 2906 302 2965 έτι
316 2907 362 2967 καὶ
374 2905 574 2986 προσελάβετο
586 2908 671 2981 φίλος
685 2905 943 2983 ε’ἀνἈριαριίμνης,

137 2990 207 3069 ἀνήρ
222 2995 337 3071 Πέρσης
349 2996 466 3071 παρεάν,
476 2993 577 3053 τούτου
590 2996 639 3052 τοῦ
653 2995 811 3071 Φοινικηίου
825 2992 943 3058 πάθεος·

85 3081 122 3140 91
178 3084 215 3140 Οἱ
224 3084 280 3158 μὲν
293 3082 327 3159 δή
340 3082 411 3160 πράς
423 3079 488 3160 τούς
501 3082 629 3143 Φοινίκας
644 3081 805 3158 ἐτράποντο.
842 3085 899 3141 τιῦν
913 3082 946 3143 δέ

114 3167 287 3249 βαρβάρων
316 3177 346 3238 ἐς
373 3168 472 3257 φυγήν
485 3168 679 3250 Ιτραπομένων
709 3169 756 3226 καὶ
776 3167 949 3226 ἐκτλεδντωυ

105 3256 186 3330 πρός
213 3261 255 3322 τά
281 3262 437 3344 Φάληρον,
469 3264 637 3346 Αἰγινήτου,
668 3253 849 3315 mmm*
873 3254 902 3306 ‘W
930 3253 975 3323 “³32
