2024 3450
142 113 190 160 116
454 111 641 159 ἨΡΟΔΟΤΟΥ
882 109 942 174 [VI.

144 191 214 267 ὕδωρ
236 191 281 248 ἐπὶ
301 190 352 266 την
365 190 587 268 Ἐννεάκρουνον·
610 189 655 271 (ου’
674 189 731 270 γὰρ
752 188 822 249 εἶναι
843 194 945 248 τοῦτον

143 278 193 337 τόν
211 278 312 356 χρόνον
334 278 421 353 σφίσι
444 305 482 336 κω
504 278 567 336 οὐδὲ
586 283 663 338 τοῖσι
684 276 801 336 ἄλλοισι
816 277 944 351 Ἕλλησι

145 365 313 446 οἰκέτας)
298 392 366 427 οκως
387 366 416 424 δὲ
441 364 607 426 ἔλθοιεν
572 391 662 434 αυται,
685 391 749 427 τους
774 365 945 444 Πελασγους

143 452 197 513 find
219 453 317 530 ὕβριός
337 479 368 513 τε
391 454 437 512 καὶ
458 453 605 559 ὀλιγωρίης
626 453 751 528 βιᾶσθαί
769 459 875 528 σφεας·
900 454 945 510 καὶ

71 605 73 610 ,
144 546 231 600 ταῦτα
250 543 346 617 μέντοι
367 542 454 617 σφίσι
472 540 520 600 οὐκ
535 540 663 619 ἀποχρᾶν
677 541 789 608 ποιέειν,
804 539 882 598 α’λλοί
904 541 946 598 τέ-

145 632 195 691 λος
219 629 265 687 καὶ
289 629 523 705 ἐπιβουλεύοντας
547 627 735 706 ἐπιχειρήσειν
760 632 896 738 φανῆναι
904 629 946 685 ἐπ’

145 715 309 796 αὐτοφώρῳ·
339 717 454 780 ε’ωυτοιλς
479 717 510 780 δὲ
533 716 666 797 γενέσθαι
693 715 818 792 τοσούτῳ
839 716 946 773 ἐκείνων

147 803 285 882 ἅνδρας’
268 806 421 881 αμείνονας,
443 804 501 882 ὅσῳ
524 829 628 881 παρεον
654 803 766 862 αυτοῖσι
786 802 946 860 ἀποκτεῖναι

144 917 208 954 τους
227 893 397 972 Πελασγους
418 864 495 972 (ἐπεί
512 899 603 967 σφεας
622 893 728 967 ἔλαβον
750 879 944 967 ἐπιβουλευον

145 978 253 1059 τας)’
221 1006 270 1037 ουκ
284 980 427 1054 ἐθελῆσαι,
443 978 521 1062 α’λλοί
535 986 592 1055 σφι
613 982 755 1056 προειπεῖν
775 983 804 1037 ἐκ
826 982 875 1053 τῆς
895 983 942 1058 γῆ

148 1067 257 1134 ἐξιέναι·
280 1065 344 1129 τους
365 1067 395 1125 δέ
420 1065 489 1126 οὕτω
514 1067 548 1143 δή
573 1066 793 1144 ἐκχωρήσαντας,
819 1065 895 1124 ἄλλα
917 1093 947 1124 τε

147 1154 340 1232 σχεΐνχωρία
362 1155 408 1212 καὶ
429 1153 463 1231 δν)
488 1155 534 1213 καὶ
557 1158 682 1230 Λῆμνον.
725 1159 814 1214 ἐκεῖνα
837 1156 888 1230 μέν
913 1154 946 1228 δη

99 1242 156 1300 138
164 1241 309 1303 Ἑκαταῖος
328 1241 411 1310 ἔλεξε,
426 1246 513 1301 ταῦτα
532 1242 561 1301 δέ
578 1241 723 1317 Ἀθηναῖοι
739 1244 867 1322 λέγουσι.
911 1246 948 1299 Οἱ

147 1329 177 1388 δὲ
205 1330 354 1409 Πελασγοὶ
384 1328 460 1388 οὗτοι
486 1335 601 1407 Λῆμνον
629 1329 693 1389 τότε
719 1330 874 1407 νεμόμενοι,
902 1331 948 1387 καὶ

145 1417 317 1494 βουλόμενοι
338 1417 402 1498 τους
425 1416 589 1493 Ἀθηναίους
613 1417 835 1495 τιμωρήσασθαι,
862 1417 890 1475 εὖ
917 1443 948 1476 τε

149 1498 360 1583 ἐξεπιστάμενοι
376 1505 425 1568 τοὶς
438 1505 591 1582 Ἀθηναίων
612 1505 702 1583 όρτοὶς,
717 1502 948 1581 πεντηκοντέρους

147 1591 320 1670 στησάμενοι
341 1592 485 1671 ἐλόχησαν
501 1594 644 1672 Ἀρτέμιδι
659 1599 686 1652 ἐν
700 1585 845 1669 Βραυρῶνι
866 1591 948 1673 α’γού-

146 1706 200 1744 σας
213 1680 297 1757 ὁρτὴν
313 1681 362 1743 τὰς
376 1686 430 1741 τῶν
444 1681 598 1757 Ἀθηναίων
618 1685 759 1761 γυναῖκας·
782 1682 905 1740 ἐνθεῦτεν
919 1681 948 1738 δὲ

150 1767 326 1844 ἁρπάσαντες
345 1770 463 1829 τουτέων
484 1770 596 1832 πολλός
618 1770 729 1847 οἴχοντο
751 1768 947 1830 ἀποπλέοντες·

148 1855 196 1912 καί
207 1861 299 1930 σφεας
314 1860 340 1918 ἐς
351 1860 466 1932 Λῆμνον
481 1856 633 1938 ἀγαγόντες
645 1856 795 1919 παλλακὰς
810 1856 894 1934 εἶχον·
915 1854 950 1918 ὥς

150 1941 179 1999 δὲ
196 1942 297 2001 τέκνων
317 1941 397 2001 αὗται
418 1947 446 2001 αἱ
466 1949 593 2023 γυναῖκες
606 1945 841 2019 ὑπεπλήσθησαν,
857 1947 949 2023 γλῶσ-

149 2029 204 2089 σόν
227 2057 258 2089 τε
281 2029 332 2105 την
354 2029 484 2106 Ἀττικὴν
509 2032 554 2089 καὶ
578 2030 697 2108 τρόπους
720 2035 775 2089 τῶν
797 2031 951 2105 Ἀθηναίων

149 2119 294 2178 ἐδίδασκον
314 2118 378 2181 τους
401 2118 514 2180 παῖδας·
544 2121 570 2177 οἶ
594 2119 624 2176 δέ
650 2117 713 2177 οὔτε
736 2118 951 2196 συμμίσγεσθαι

148 2211 224 2266 τοῖσι
247 2213 276 2266 ἐκ
297 2211 352 2266 τῶν
371 2207 556 2286 Πελασγίδων
578 2211 714 2286 γυναικῶν
735 2207 818 2263 παισὶ
838 2204 950 2278 ἤθελον,

151 2295 176 2351 εἴ
188 2320 219 2352 τε
232 2292 363 2352 τύπτοιτό
376 2318 417 2354 τις
431 2291 520 2351 αὐτῶν
533 2292 579 2351 ὕπ’
594 2293 701 2351 ἐκείνων
720 2292 801 2360 τινός,
816 2291 953 2366 ἐβοήθεόν

148 2406 180 2462 τε
197 2379 301 2442 πάντες
319 2380 365 2437 καὶ
386 2379 532 2456 ἐτιμώρεον
549 2379 715 2455 ἀλλήλοισι·
737 2380 782 2437 καὶ
796 2378 829 2453 δὴ
844 2379 889 2436 καὶ
906 2379 953 2455 ἅρ-

152 2494 213 2546 χειν
228 2492 259 2526 τε
275 2470 329 2526 τῶν
347 2467 452 2526 παίδων
472 2470 499 2526 οἶ
516 2468 611 2530 παῖδες
626 2467 765 2540 ἐδικαίευν,
783 2468 828 2525 καὶ
841 2468 953 2526 πολλόν

111 2582 115 2591 ’
152 2554 327 2632 ἐπεκράτεον·
354 2553 489 2632 μαθόντες
510 2556 538 2615 δέ
560 2560 648 2616 ταῦτα
670 2559 696 2614 οἱ
719 2557 869 2637 Πελασγοὶ
892 2560 953 2613 ἐωυ-

150 2648 226 2703 τοῖσι
250 2642 353 2723 λόγους
375 2643 512 2703 ἐδίδοσαν·
541 2644 590 2703 καί
609 2650 697 2719 σφισι
718 2645 954 2720 βουλευομένοισι

150 2731 239 2792 δεινόν
252 2757 280 2791 τι
294 2732 412 2800 ἐσέδυνε,
429 2735 452 2790 εἰ
465 2731 499 2807 δὴ
513 2731 721 2813 διαγινώσκοιεν
739 2733 827 2808 σφίσι
841 2757 871 2790 τε
883 2730 953 2805 βοη-

151 2822 223 2881 θέειν
243 2823 269 2880 οἶ
287 2820 383 2883 παῖδες
401 2820 472 2896 πρός
489 2826 544 2881 τῶν
563 2821 719 2896 κουριδιέων
737 2823 873 2901 γυναικῶν
890 2818 955 2879 τους

150 2909 258 2979 παῖδας,
280 2910 327 2968 καὶ
348 2907 452 2968 τούτων
474 2908 572 2968 αὐτίκα
593 2906 688 2986 ἄρχειν
707 2907 851 2986 πειρῴατο,
871 2906 901 2964 τί
920 2904 954 2978 δὴ

139 2996 331 3107 α’νὸρωθέντες
352 2996 438 3074 δῆθεν
461 2995 636 3074 ποιήσουσις
658 2996 777 3055 ἐνθαῦτα
801 2993 878 3063 ἔδοξέ
899 2998 955 3097 σφι

121 3085 250 3142 κτεινειν
260 3112 331 3150 τους
308 3085 449 3153 παῖδας
461 3113 531 3152 τους
544 3090 576 3147 ἐκ
590 3110 646 3146 των
656 3082 808 3144 ’λττικέων
822 3104 964 3161 γυναικών·

107 3172 233 3265 πριευσι
260 3173 299 3248 ὃν]
323 3181 433 3252 ταῦτα,
458 3171 741 3257 προσαπολλυουσι
762 3169 797 3228 δέ
817 3173 914 3240 σφεων
941 3187 980 3218 m

90 3243 152 3306 νας
172 3261 333 3334 μητέρας
380 3265 449 3328 α’πό
479 3293 598 3329 τουτου
627 3265 659 3324 δε
683 3288 737 3323 που
765 3259 854 3336 ’ἔργου
882 3275 930 3307 m
952 3250 1002 3301 ‘03³
