2024 3450
136 109 184 157 ιιι
439 103 621 151 υινοεουου
846 105 949 169 [vm.

136 184 276 261 Προνηίης
293 182 449 258 Ἀθηναίης,
471 187 500 241 ἐν
519 180 606 260 τούτῳ
627 185 657 240 ἐκ
677 183 729 258 μὲν
748 186 799 243 τοῦ
821 182 948 262 οὐρανοῦ

138 271 262 346 κεραυνοὶ
275 268 386 328 αὐτοῖσι
401 270 553 338 ἐνέπιπτον,
569 267 625 328 α’πό
646 269 676 327 δὲ
693 272 744 328 τοῦ
763 276 949 348 Παρνησσοῦ

137 358 340 437 ἀπορραγεῖσαι
354 357 402 415 δύο
417 359 536 434 κορυφαὶ
556 358 689 432 ἐφέροντο
708 361 808 437 πολλῷ
824 360 950 442 πατάγῳ

138 452 164 508 ἐς
180 445 286 514 αὐτους,
301 446 347 503 καὶ
368 446 528 521 κατέλαβον
546 443 665 523 συχνούς
683 450 787 517 σφεων,
804 451 834 504 ἐκ
850 447 880 506 δὲ
894 456 949 512 τοῦ

139 538 198 612 ἱροῦ
217 538 267 609 τῆς
288 535 429 611 Προνηίης
444 532 503 608 βοή
524 558 554 590 τε
575 533 621 590 καὶ
640 531 808 609 ἀλαλαγμός
827 535 949 615 ἐγίνετο.
977 572 985 584 ·

91 628 128 683 38
139 623 336 705 Συμμιγέντων
357 622 386 680 δὲ
405 621 508 681 τούτων
528 619 645 690 πάντων,
661 620 756 696 φόβος
773 625 852 681 τοῖσι
871 626 950 703 βαρ·
970 690 973 695 Ι

73 753 79 763 ·
131 712 250 790 βάροισι
275 708 468 771 ἐνεπεπτώκεε·
489 708 625 786 μαθόντες
645 708 675 767 δὲ
697 711 724 766 οἶ
742 712 856 785 Δελφοὶ
877 714 950 786 φεύ·

137 799 238 880 γοντάς
259 804 359 873 σφεας,
377 796 595 873 ἐπικαταβάντες
612 795 775 856 ἀπέκτειναν
788 799 902 874 πλῆθός
920 829 950 862 τι

139 889 237 947 αὐτῶν·
286 889 312 944 οἶ
340 884 368 942 δέ
395 885 549 960 περιεόντες
582 884 625 943 ἴθι)
655 889 784 944 Βοιωτῶν
815 887 949 968 ἔφευγον.

140 969 237 1054 ἔλεγον
256 973 285 1030 δέ
303 975 329 1030 οἱ
349 971 594 1048 ἀπονοστήσαντες
609 969 685 1031 οὗτοι
703 975 757 1031 τῶν
774 975 949 1051 βαρβάρων,

141 1060 175 1123 ὦς
190 1059 244 1140 ἐγιλ
257 1057 438 1135 πυνθάνομαι,
449 1059 484 1121 ὥς
497 1058 567 1135 πρός
577 1059 703 1119 τούτοισι
718 1060 763 1117 καὶ
777 1059 855 1120 ἄλλα
871 1062 951 1140 ὥρων

140 1149 209 1207 θεῖα·
238 1145 286 1206 δύο
306 1146 361 1227 γάρ
383 1145 501 1209 ὁπλίτας
524 1147 641 1222 μέζονας
661 1145 679 1223 ἢ
701 1148 771 1206 κατά
793 1146 951 1226 ἀνθρώπων

140 1235 228 1312 φύσιν
239 1236 352 1314 ἔχοντας
362 1234 482 1294 ἕπεσθαί
493 1242 557 1310 σφι,
567 1236 721 1297 κτείνοντας
730 1235 776 1293 καὶ
787 1236 949 1304 διώκοντας.

92 1329 129 1385 39
139 1325 259 1387 Τούτους
269 1324 299 1382 δὲ
311 1323 376 1386 τοιλς
386 1321 435 1382 δύο
444 1324 557 1399 Δελφοὶ
570 1324 688 1403 λέγουσι
700 1322 768 1381 εἶναι
782 1327 951 1402 ἐπιχωρίους

139 1413 237 1489 ἥρωας,
260 1411 390 1471 Φύλακόν
410 1438 441 1472 τε
462 1412 507 1470 καὶ
528 1409 678 1483 Αὐτόνοον,
699 1415 754 1470 τῶν
774 1411 811 1470 ταὶ
830 1408 952 1488 τεμένεά

141 1507 202 1561 ἐστι
215 1500 279 1577 περὶ
291 1500 324 1560 τό
340 1500 406 1577 ἱρόν,
422 1499 552 1559 Φυλάκου
568 1502 620 1576 μὲν
633 1499 697 1577 παρ’
712 1497 798 1575 αὐτήν
816 1501 869 1576 τήν
882 1501 952 1564 ὁδόν

143 1588 295 1666 κατύπερθε
324 1593 374 1647 τοῦ
403 1592 462 1664 ἶροΰ
494 1591 544 1663 τῆς
572 1589 719 1664 Προνηίης,
747 1587 890 1647 Αὐτονόου
920 1591 951 1651 δὲ

141 1679 230 1739 πέλας
256 1681 305 1751 τῆς
330 1677 501 1751 Κασταλίης,
526 1675 580 1734 ὖπὸ
603 1680 639 1752 τῇ
662 1675 800 1753 ιΥαμπείη
825 1684 951 1757 κορυφῇ.

143 1767 169 1822 οἶ
183 1764 213 1822 δὲ
229 1763 363 1824 πεσόντες
375 1763 431 1821 οἶπὸ
447 1767 497 1822 τοῦ
512 1762 689 1839 Παρνησσοῦ
707 1764 783 1822 λίθοι
801 1763 841 1821 ἔτι
860 1766 909 1824 καὶ
924 1772 952 1830 ἐς

140 1849 227 1926 ἡμέας
253 1849 327 1925 ἦσαν
357 1850 429 1919 σόοι,
461 1855 490 1909 ἐν
521 1855 559 1930 τῷ
589 1852 695 1927 τεμένεῖ
726 1855 776 1925 τῆς
805 1855 953 1930 Προνηίης

141 1936 290 2014 Ἀθηναίης
311 1938 437 2014 κείμενοι,
458 1943 485 2002 ἐς
504 1938 537 1998 τό
559 1938 715 2016 ἐνέσκηψαν
736 1937 781 1996 διά
800 1942 856 1998 τῶν
875 1940 951 2017 βαρ-

140 2025 238 2106 βάρων
266 2026 423 2104 φερόμενοι.
464 2026 568 2087 τούτων
600 2027 652 2103 μέν
682 2052 730 2086 νυν
758 2028 813 2084 τῶν
840 2025 952 2104 ἀνδρῶν
988 2086 991 2089 .

142 2115 211 2191 αὕτη
225 2115 281 2176 άπό
295 2120 345 2174 τοῦ
361 2117 420 2191 ἱροῦ
435 2113 589 2194 ἀπαλλαγή
603 2115 716 2192 γίνεται.

94 2207 132 2260 40
181 2203 216 2261 ‘0
251 2204 281 2262 δέ
314 2202 459 2277 Ἑλλήνων
493 2202 619 2264 ναυτικὸς
653 2203 774 2279 στρατός
808 2200 864 2261 άπό
898 2209 953 2264 τοῦ

141 2284 328 2365 Ἀρτεμισίου,
363 2287 516 2363 Ἀθηναίων
550 2288 708 2362 δεηθέντων,
737 2295 764 2351 ἐς
799 2291 953 2365 Σαλαμῖνα

143 2376 270 2454 κατίσχει
283 2376 333 2438 τοὶς
346 2379 423 2450 νῆας.
464 2375 548 2434 τῶνδε
568 2375 599 2434 δὲ
612 2376 702 2435 εἵνεκα
714 2377 954 2455 προσεδεήθησαν

143 2461 232 2522 αὐτῶν
256 2465 337 2541 σχεῖν
357 2462 428 2538 πρός
451 2463 599 2538 Σαλαμῖνα
619 2461 771 2540 Ἀθηναῖοι,
801 2465 844 2523 ἵνα
869 2464 954 2528 αὐτοὶ

143 2549 243 2612 παῖδάς
276 2576 307 2610 τε
341 2551 388 2608 καὶ
419 2553 552 2630 γυναῖκας
581 2550 809 2633 ὑπεξαγάγωνται
838 2556 869 2610 ἐκ
899 2559 955 2630 τῆς

143 2635 279 2712 Ἀττικῆς,
304 2637 375 2714 πρός
399 2638 428 2696 δέ
452 2639 498 2697 καὶ
523 2638 736 2715 βουλεύσωνται
759 2639 792 2699 τό
817 2642 955 2715 ποιητέον

82 2715 83 2719 ¹
144 2722 255 2783 αὖτοῖσι
269 2727 358 2785 ἐσται.
400 2727 445 2784 ἐπὶ
460 2726 516 2806 γὰρ
525 2731 617 2796 ’τοῖσι
629 2727 781 2801 κατήκουσι
797 2725 955 2802 πρήγμασι

143 2810 256 2889 βουλήν
269 2813 390 2889 ἔμελλον
402 2814 583 2889 ποιήσεσθαι,
598 2815 634 2876 οἷς
647 2812 813 2890 ἐψευσμένοι
825 2810 954 2891 γνώμηξ·

145 2900 285 2964 δοκέοντες
297 2900 353 2982 γάρ
367 2901 494 2977 εὑρήσειν
506 2900 753 2976 Πελοποννησίους
766 2897 905 2973 πανδημεὶ
922 2911 956 2966 ἐν

145 2994 181 3068 τῇ
201 2990 321 3069 Βοιωτίη
338 2988 562 3065 ὑποκατημένους
579 2989 628 3048 τὸν
646 2986 805 3064 βάρβαρον,
821 2988 877 3045 τῶν
897 2994 955 3065 μὲν

143 3075 226 3156 εὖρον
250 3077 329 3140 οὐδέν
355 3077 409 3151 ἐόν,
435 3079 462 3136 οἱ
488 3077 518 3136 δὲ
546 3076 729 3136 ἐπυνθάνοντο
755 3075 805 3134 τὸν
830 3073 955 3153 Ἰσθμόν

56 3082 116 3252 Ι
130 3167 240 3235 ου’τοιίς
273 3170 447 3256 τειχέοντας,
484 3167 530 3229 καὶ
555 3166 606 3244 τήν
635 3163 856 3254 Πελοπόννησον
886 3170 956 3238 περὶ

128 3260 274 3326 πλείστου
317 3264 512 3338 ποιευμένους
545 3254 688 3336 περιεῖναί
721 3277 756 3312 τε
788 3251 839 3308 καὶ
869 3247 973 3325 ταὶιτην
