2024 3450
94 112 202 178 οο-οο]
439 111 552 160 nmo.
865 112 897 158 οε

91 194 230 271 βασιλειίς
249 191 309 254 άντ’
330 192 442 262 ἐκείνου,
456 192 569 269 πέμψας
588 188 640 251 τόν
659 189 825 266 θεράποντα,
847 193 893 251 ε’πί

92 283 195 363 γέλωτί
210 309 242 344 τε
261 281 307 341 καί
324 281 421 359 λάσθη
436 279 534 356 εἰρώτα
550 277 600 339 τδν
614 278 784 356 Δημάρητον
797 279 892 340 ὁκοῖόν

92 395 117 428 τι
133 371 174 446 εἰη
187 370 221 430 τά
235 370 331 448 άρχειν
344 367 415 445 μετά
431 367 465 427 τά
483 366 665 444 βασιλεύειν;
688 366 747 426 όδὲ
760 366 891 448 άλγησας

92 459 130 535 τῷ
144 456 345 534 ἐπειρωτήματι
360 456 419 515 εἰπε
433 455 490 532 φάς
503 454 586 517 αὐτός
598 457 650 530 μὲν
663 453 830 531 ἀμφοτέρων
839 456 893 533 η’δη

94 540 287 622 πεπειρῆσθαι,
301 548 391 603 κεῖνον
404 544 434 603 δὲ
447 542 489 604 οὔ·
529 541 581 618 τήν
598 543 694 618 μέντοι
711 542 893 618 ἐπειρώτησιν

93 631 194 708 ταύτην
207 631 300 710 ἄρξειν
312 631 557 708 Λακεδαιμονίοισι
569 628 588 706 ἢ
600 630 701 706 μυρίης
712 629 861 705 κακότητος
873 631 892 709 ἢ

91 721 191 796 μυρίης
210 719 391 795 εὐδαιμονίης.
432 723 520 779 ταῦτα
533 718 563 777 δὲ
577 719 656 779 εἶπας
673 717 719 774 καί
738 722 891 778 κατακαλυ·

92 807 224 882 ψάμενος,
246 807 289 882 ἤϊε
313 811 343 864 έκ
364 811 413 866 τοῦ
435 807 553 883 θεήτρου
576 811 603 869 ές
626 805 661 864 τά
684 808 784 864 ἑωυτοῦ
809 808 891 866 οἰκία·

92 893 191 952 αὐτίκα
202 893 231 952 δὲ
241 894 525 972 παρασκευασάμενος
536 896 596 954 ἔθυε
606 898 644 972 τῷ
655 893 704 952 Διί
712 894 793 968 βοῦν,
804 895 892 959 θύσας

92 981 129 1050 δὲ,
150 981 202 1059 τήν
221 976 472 1061 μητέραίκάλεσε.
513 982 684 1061 Ἀπικομένη
705 982 735 1040 δὲ
754 985 790 1060 τῇ
806 986 890 1062 μητρὶ
900 990 938 1045 68

92 1071 184 1134 ἐσθεὶς
199 1077 227 1135 ε’ς
242 1073 293 1135 τάς
309 1071 405 1152 χεῖράς
423 1076 450 1131 οἰ
467 1075 523 1132 τῶν
539 1071 720 1150 σπλάγχνων,
735 1074 890 1132 κατικέτευε

91 1159 180 1238 λέγων
200 1159 304 1220 τοιάδε·
333 1159 381 1218 “0'2
401 1163 499 1235 μῆτερ,
522 1160 592 1218 θεῶν
614 1183 648 1217 σε
668 1162 723 1217 τῶν
744 1185 774 1217 τε
795 1159 890 1221 ἄλλων

92 1248 298 1325 καταπτόμενος
317 1247 426 1308 ἰκετεόω
442 1248 556 1305 καὶτοῦ
575 1247 701 1321 Ἑρκείου
722 1247 790 1308 Διδς
809 1250 891 1308 τοῦδε

91 1334 200 1410 φράσαι
215 1361 265 1412 μοι
282 1336 333 1410 τὴν
352 1327 497 1410 άληθηίην,
511 1334 553 1395 τίς
566 1358 620 1408 μευ
635 1333 696 1391 ε’στί
709 1333 802 1408 παιηρ
819 1333 892 1414 ὀρθῷ

90 1421 184 1500 λόγῳ;
213 1423 384 1499 Λευτυχιδης
404 1423 456 1495 μὲν
478 1420 533 1499 γάρ
556 1422 612 1492 ἔφη
635 1423 663 1476 ἔν
684 1423 761 1477 τοῖσι
787 1421 890 1480 νείκεσι

92 1508 189 1585 λέγων,
214 1508 349 1566 κυέουσάν
371 1532 407 1565 σε
427 1512 457 1564 έκ
477 1510 528 1565 τοῦ
549 1505 686 1581 προτέρου
704 1505 802 1580 α’νδρὸς
821 1506 891 1567 οὕτω

93 1593 185 1651 ε’λθεῖν
204 1593 281 1670 παρά
298 1592 463 1669 Ἀρίστωνα·
485 1595 512 1651 οἰ
530 1592 560 1650 δὲ
579 1591 625 1648 καί
643 1589 693 1649 τόν
708 1592 892 1669 ματαιότερον

72 1677 75 1682 ’
93 1679 180 1757 λόγον
200 1683 329 1761 λέγοντες
347 1681 424 1755 φασί
438 1706 474 1739 σε
491 1679 583 1738 ε’λθεῖν
602 1676 679 1753 παρά
694 1682 749 1738 τῶν
767 1681 892 1740 οἰκετέων

89 1766 139 1827 τόν
152 1767 323 1845 ὀνοφορβόν,
338 1768 384 1827 καί
398 1771 445 1844 ε’μὲ
462 1768 532 1826 εἶναι
546 1766 649 1825 ε’κείνου
661 1766 756 1824 παῖδα.
787 1767 840 1849 ε’γοί
854 1767 892 1828 ὦν

90 1883 125 1916 σε
136 1858 309 1937 μετέρχομαι
321 1862 377 1919 τῶν
390 1858 459 1917 θεῶν
473 1859 558 1916 εἰπεῖν
570 1852 604 1914 τά
618 1853 731 1931 άληθές·
752 1854 816 1916 οὔτε
824 1857 889 1938 γάρ,

90 1948 115 2006 εἰ
126 1973 178 2023 περ
192 1948 345 2024 πεποίηκάς
358 1974 386 2008 τι
398 1949 453 2007 τῶν
463 1945 629 2027 λεγομένων,
640 1943 729 2021 μούνη
744 1945 778 2021 δη
791 1948 889 2006 πεποί-

88 2062 156 2110 ηκας
167 2035 239 2113 μετά
248 2037 379 2096 πολλέων
393 2035 431 2094 δέ·
447 2033 504 2095 ὅτε
514 2031 601 2114 λόγος
614 2031 724 2095 πολλός
735 2038 763 2092 ε’ν
774 2034 890 2113 Σπάρτῃ

89 2124 123 2186 ὦς
142 2124 291 2203 Ἀρίστωνι
311 2127 426 2201 σπέρμα
445 2121 612 2182 παιδοποιὸν
633 2120 683 2178 οὐκ
704 2123 778 2195 ε’νῆν·
800 2127 890 2182 τεκεῖν

88 2210 142 2290 γάρ
158 2212 192 2272 άν
210 2216 237 2273 οἱ
256 2214 302 2272 καί
318 2214 368 2275 τάς
386 2213 523 2289 προτέρας
540 2207 697 2289 yvvafttas·n
738 2207 773 2267 Ὁ
789 2212 841 2285 μὲν
854 2211 936 2287 δῆθί)

87 2305 202 2361 τοιαῦτα
229 2304 318 2384 ἔλεγε·
352 2300 372 2376 ἡ
399 2301 428 2358 δὲ
455 2298 590 2374 άμείβετο
616 2297 721 2355 τοῖσδε·
753 2296 801 2356 “ὦ
827 2303 887 2370 παῖ,

88 2391 177 2448 ἐπείτε
190 2415 226 2467 με
239 2392 338 2468 λιτῇσι
347 2389 494 2466 μετέρχεαι
509 2388 594 2443 εἰπεῖν
604 2384 656 2460 τὴν
669 2384 815 2461 άληθηίην,
830 2392 888 2447 πάν

88 2480 125 2538 εἰς
138 2479 173 2534 σὲ
187 2477 380 2553 κατειρήσεται
392 2475 522 2550 τάληθές.
560 2471 595 2534 ὥς
608 2498 644 2547 με
657 2472 778 2554 ἠγάγετο
791 2475 887 2550 Ἀρίσ-

87 2589 141 2621 των
155 2568 182 2626 ε’ς
195 2567 303 2634 έωυτοῦ,
317 2565 394 2623 νυκτί
407 2565 486 2640 τρίτη
500 2561 557 2620 άπδ
571 2564 621 2635 τῆς
631 2561 740 2637 πρώτης
753 2561 827 2636 ἦλθέ
838 2590 888 2640 μοι

88 2650 192 2727 φάσμα
207 2649 346 2726 εἰδόμενον
358 2649 518 2728 Ἀρίστωνι·
531 2649 697 2722 συνευνηθὲν
709 2649 740 2707 δὲ
748 2649 812 2712 τούς
825 2678 887 2710 στε·

88 2738 194 2812 φόνους
207 2737 253 2800 οὓς
267 2737 326 2817 εἶχε
340 2739 402 2814 ε’μοί
415 2738 573 2814 περιετίθει·
596 2736 641 2794 καί
654 2737 687 2796 τά
700 2741 752 2814 μὲν
766 2739 888 2818 οἰχώκεε,

92 2825 136 2900 ἷκε
150 2827 180 2886 δὲ
192 2826 264 2903 μετά
276 2830 366 2886 ταῦτα
378 2825 526 2902 Ἀρίστων·
548 2823 582 2886 ὦς
596 2823 627 2882 δέ
637 2850 674 2899 με
694 2826 748 2883 εἰδε
767 2827 889 2902 ἔχουσαν

88 2915 252 2991 στεφάνους,
265 2913 362 2991 εἰρώτα
375 2915 417 2977 τίς
431 2914 472 2988 εἴη
484 2912 500 2972 ὅ
509 2938 559 2988 μοι
570 2912 649 2980 δοίς;
669 2911 723 2993 ε’γοί
735 2912 764 2968 δὲ
776 2911 889 2987 ἐφάμην

87 3006 201 3064 ε’κεῖνον·
230 3002 246 3062 ά
267 3002 296 3060 δὲ
321 3002 370 3061 οὐκ
394 3001 553 3061 ὑπεδέκετο·
577 3000 632 3081 ἐγώ
651 3000 686 3058 δὶ
712 2997 899 3069 mmmm

81 3091 195 3165 φαμένη
222 3089 309 3152 αὐτόν
348 3091 380 3152 οὗ
420 3095 517 3156 καλῶς
551 3089 663 3149 ποιέειν
698 3078 929 3169 δπαρυῑλλωῗψ

71 3165 176 3245 ὀλίγον
195 3170 255 3251 γάρ
276 3199 305 3233 τι
328 3175 479 3255 πρότερον
506 3171 642 3239 ἐλθόντα,
662 3167 715 3226 καλ
733 3151 964 3222 συνωνῆδ““

61 3250 171 3314 δοῦναί
184 3281 241 3334 μοι
265 3261 340 3329 τούς
363 3263 562 3342 στεφάνους.
592 3257 690 3336 ὀρέων
705 3250 750 3310 δὲ
770 3266 811 3321 με
835 3247 985 3300 mom
