2024 3450
89 109 213 170 ιιι-ιω]
392 109 577 156 nomm.
839 113 884 158 159

88 192 142 267 γῆν
156 190 304 264 τρέψαντες
320 188 421 250 πάντες
440 189 610 264 μετωπηδόν,
625 191 672 249 καὶ
690 189 888 260 ἐξοπλίσαντες

88 275 153 337 τούς
167 275 335 351 ἐπιβάτας
315 303 350 338 (ις
361 281 388 337 ἐς
398 276 533 352 πόλεμον
549 304 564 335 ο
557 275 598 335 ε’δ
610 277 685 340 ἐντδς
694 283 749 337 τῶν
759 275 888 355 πρωρέων
899 293 902 299 ’

88 364 181 422 πλέων
195 365 301 438 ἐθηεῖτο
317 365 362 421 καὶ
376 368 573 443 τοῦαίγιολοι.

128 451 176 514 Ως
194 452 224 509 δέ
239 453 285 509 καί
302 452 403 513 ταύτας
422 451 657 520 διεξέπλωσε,
614 479 659 510 και
676 479 687 509 ε
681 454 786 528 ’ξέβη’
775 480 804 511 εκ
817 454 931 528 τῆςῙθ]

88 539 155 608 νεός,
170 540 367 614 μετεπέμψατο
390 538 559 614 Δημάρητον
580 539 629 597 τόν
645 538 888 613 Ἀρίστωνος,συ·

88 626 309 701 στρατευόμενον
330 626 403 704 αύτῷ
424 626 469 684 ἐπὶ
485 626 537 701 τὴν
552 624 688 684 Ἑλλάδα·
720 628 843 689 καλέσας
865 626 888 686 δ’

63 751 65 756 -
88 713 171 772 αύτὸν
193 715 280 789 εἴρετο
300 714 374 773 τάδε·
397 712 585 827 ((Δημάρητε,
603 718 651 773 νῦν
669 715 721 790 μοί
739 740 774 773 σε
791 714 845 789 ηδύ
861 741 889 774 τι

88 805 149 859 ἐστι
140 802 326 877 ἐπείρεσθαι
344 828 379 860 τα
371 800 539 862 θέλω·συ
501 801 596 866 συεῖς
609 801 720 878 Ελλην
737 828 776 871 τε,
791 803 837 861 καὶ
854 802 890 866 οἷς

89 892 142 965 ἐγω
134 887 330 965 πυνθάνομαι
343 893 394 948 σεῦ
407 916 437 950 τε
450 891 564 950 καὶτῶν
577 888 672 950 άλλων
681 889 873 966 Ελληνων
834 917 889 950 των

88 977 149 1050 ἐμοὶ
163 981 190 1038 ἐς
209 975 311 1057 λόγους
323 976 532 1054 ἀπικνεομένων,
547 977 647 1041 πόλιος
664 977 722 1038 οὔτ’
737 980 889 1058 ἐλαχίστης

87 1061 142 1121 οὔτ’
164 1063 379 1142 α’σθενεστάτης·
415 1069 463 1126 νῦν
490 1065 526 1125 ὧν
550 1092 600 1143 μοι
625 1065 689 1126 τόδε
716 1067 836 1144 φράσον,
865 1071 889 1126 εἰ

82 1147 220 1228 Ἕλληνες
246 1152 433 1228 ὑπομενέουσι
461 1157 557 1233 χεῖρας
584 1155 645 1230 ἐμοὶ
672 1153 887 1232 ἀνταειρόμενοι·

86 1236 118 1296 ού
132 1239 195 1319 γάρ,
211 1240 246 1303 ὦς
260 1241 314 1322 ἐγῶ
327 1241 420 1313 δοκέω,
436 1241 492 1300 οὐδ’
507 1245 531 1299 εἰ
544 1241 788 1316 πάντεςἝλληνες
802 1243 847 1300 καὶ
862 1245 888 1301 οἱ

85 1330 181 1387 λοιποὶ
204 1332 231 1388 οἰ
252 1328 335 1405 πρδς-
350 1330 470 1405 ἐσπέρης
492 1330 625 1391 οἰκέοντες
652 1328 792 1405 ἅνθρωποι
819 1334 888 1387 συλ-

84 1417 264 1494 λεχθείησαν,
280 1414 329 1473 ούκ
345 1415 497 1494 ἀξιόμαχοί
510 1420 565 1474 εἰσι
583 1418 631 1492 ἐμὲ
646 1416 758 1474 ἐπιόντα
774 1415 887 1491 ύπομεῖ-

85 1527 137 1570 ναι,
157 1503 196 1577 μή
221 1502 311 1564 ἐόντες
333 1500 456 1577 άρθμιοι·
488 1502 574 1560 ἐθέλω
594 1503 689 1578 μέντοι
707 1504 753 1561 καὶ
776 1503 807 1562 τά
830 1501 886 1562 άπά

85 1592 144 1657 σεῦ,
165 1589 258 1647 όκοῖόν
272 1615 299 1647 τι
315 1590 406 1668 λέγεις
421 1590 484 1665 περὶ
499 1589 595 1658 αὐτῶν,
609 1589 774 1661 πυθέσθαι.”
808 1590 888 1666 όμέν

85 1680 173 1734 ταῦτα
182 1675 288 1751 εἰρώτα·
305 1674 321 1734 ὁ
332 1676 361 1733 δὲ
373 1675 528 1751 ύπολαβιίν
539 1677 602 1751 ἔφη·
618 1684 635 1711 “
644 1679 776 1752 βασιλεῦ,
789 1676 888 1755 κότερα

85 1760 379 1841 άληθηίηχρήσομαι
402 1764 472 1839 πρός
497 1766 531 1822 σέ
553 1761 572 1838 ἦ
594 1763 713 1842 η’δονῇ;”
747 1764 763 1824 ό
787 1766 818 1824 δέ
839 1792 887 1842 μιν

85 1847 207 1928 άληθηίη
229 1853 396 1929 χρησασθαι
419 1851 534 1920 ἐκέλευε,
556 1852 613 1927 φάς
636 1853 714 1912 οὐδέν
735 1857 761 1914 οἱ
787 1853 885 1930 άηδέσ-

84 1964 164 2014 τερον
180 1940 297 1998 ἔσεσθαι
312 1938 329 2015 ἢ
343 1939 480 2017 πρότερον
497 1939 540 2015 ἦν·
562 1940 598 2004 οἰς
616 1941 645 2000 δέ
662 1946 749 2002 ταῦτα
762 1942 867 2019 ἤκουσε
878 1945 934 2002 102

85 2027 261 2104 Δημάρητος,
284 2029 363 2108 ἔλεγε
379 2027 454 2086 τάδε.
480 2031 637 2103 ((βασιλεῦ,
656 2031 749 2104 ἐπειδὴ
766 2030 887 2108 άληθηίῃ

87 2115 296 2194 διαχρήσασθαι
309 2115 417 2179 πάντως
429 2143 465 2192 με
479 2117 606 2186 κελεύεις,
620 2122 707 2176 ταῦτα
720 2118 840 2197 λέγοντα
852 2118 887 2176 τά

82 2205 122 2280 μή
145 2203 313 2282 ψευδόμενός
332 2230 374 2267 τις
394 2202 512 2286 ὕστερον
532 2203 586 2264 ύπά
608 2207 660 2263 σεῦ
681 2204 830 2278 άλάσεται,
851 2208 887 2284 τῇ

82 2290 201 2363 Ἑλλάδι
223 2294 305 2370 πενίη
326 2294 380 2370 μὲν
408 2294 465 2352 αἰεί
472 2322 477 2347 .·
486 2319 549 2352 κοτε
574 2292 735 2369 σύντροφος
762 2292 885 2366 σύνεστι,

83 2377 166 2456 ἀρετὴ
181 2381 210 2439 δέ
224 2379 342 2444 ἔπακτός
355 2386 426 2450 ἐστι,
443 2380 500 2440 άπό
513 2408 545 2441 τε
558 2382 662 2457 σοφίης
677 2382 887 2462 κατεργασμένη

83 2467 129 2524 καὶ
149 2468 236 2543 νόμου
259 2472 387 2548 ἰσχυροῦ·
409 2473 445 2547 τῇ
465 2469 651 2548 διαχρεωμένη
670 2467 688 2544 ἦ
706 2468 821 2540 Ἑλλάς,
835 2467 888 2544 τήν

83 2571 117 2612 τε’
133 2557 230 2633 πενίην
247 2555 425 2632 7άπαμύνεται
442 2558 488 2615 καὶ
506 2556 562 2631 τὴν
579 2557 765 2633 δεσποσύνην.
807 2557 887 2616 αἰνέω

83 2643 135 2718 μέν
155 2669 203 2702 νυν
224 2643 329 2707 πάντας
347 2642 501 2719 ἝλληναςΙ
515 2644 579 2707 τούς
603 2646 667 2721 περὶ
690 2646 794 2708 κείνους
820 2643 884 2707 τούς

84 2730 225 2807 Δωρικούς
245 2757 352 2811 χωρους
373 2733 542 2809 οἰκημένους·
565 2734 681 2811 ἔρχομαι
701 2734 730 2792 δέ
748 2735 836 2803 λέξων
855 2731 887 2790 ού

82 2820 145 2894 περὶ
155 2819 265 2880 πάντων
275 2818 377 2880 τούσδε
387 2819 452 2884 τούς
466 2820 577 2901 λόγους,
589 2821 665 2880 άλλά
659 2822 752 2933 Ηπερὶ
753 2822 887 2880 Λακεδαι-

82 2908 184 2984 μονίων
201 2909 320 2986 μούνων·
342 2914 439 2987 πρῶτα
455 2911 514 2986 μὲν,
530 2909 573 2969 ὅτι
589 2910 639 2969 οὐκ
657 2912 716 2968 ἔστι
737 2909 806 2972 ὅκως
823 2910 887 2967 κοτέ

83 2996 152 3060 σούς
169 2997 293 3066 δέξονται
311 2997 415 3079 λόγους
434 2997 607 3074 δουλοσύνην
625 2999 822 3071 φέρονταςὴ
819 2995 899 3045 w

80 3082 155 3142 λάδι·
177 3111 254 3151 ανπις
272 3086 310 3158 δέ,
327 3086 363 3152 ὦς
385 3084 582 3149 ἀντιώσονταί
593 3110 645 3145 τοι
658 3109 688 3144 ες
704 3079 818 3153 μὰψ
829 3066 930 3130 *ww

71 3173 102 3228 οἱ
114 3171 224 3234 ἄλλοι
224 3182 365 3256 Ελληνες
384 3178 500 3243 πάντες
513 3176 555 3238 τὰ
571 3174 616 3234 σδ.
633 3166 801 3246 φρονέωσι·
828 3140 995 3272 δῼιδχιζῗώ

59 3256 150 3315 δὲ’
109 3285 186 3339 περι,
198 3290 247 3344 μη
237 3264 380 3350 πύθῃ
365 3296 444 3332 000¹.
456 3269 542 3330 τινὶς
558 3262 628 3322 {ow
632 3283 667 3319 ες
679 3253 785 3335 ταῦτα
793 3233 903 3293 ποίεει
