2024 3450
806 18 842 21 -—
858 17 1004 25 --=--—-——

135 100 182 147 223
437 95 621 143 ἨΡΟΔΟΤΟΤ
841 91 938 154 [VIII.

131 175 263 253 ὑστεραίῃ
280 173 372 252 ἡμέρη
391 175 437 233 ε’πὶ
454 173 487 233 τό
503 172 683 248 Ἀρτεμίσιον
700 169 878 239 ἐπελέξαντο·
900 172 941 232 vd

131 262 161 319 δὲ
173 260 325 342 γράμματα
339 260 405 320 τάδε
419 262 508 341 ἔλεγε·
530 271 547 294 “
557 256 652 335 ἀνδρες
665 256 765 326 Ἰωνες,
781 256 813 315 οὐ
827 259 941 320 ποιέετε

132 348 222 406 δίκαια
250 349 295 407 ε’πὶ
322 349 387 412 τούς
412 348 534 427 πατέρας
560 345 782 422 στρατευόμενοι,
811 346 858 403 καὶ
882 348 940 423 τήν

130 434 258 494 Ἑλλάδα
280 436 541 510 καταδουλούμενοι·
563 432 639 493 ἀλλά
655 432 782 510 μάλιστα
797 435 850 507 μὲν
865 437 941 512 πρὸς
976 513 979 518 Ι

130 525 222 601 ἡμέων
242 527 364 606 γίνεσθε·
393 530 417 584 εἰ
437 526 466 585 δὲ
486 524 551 600 ὑμῖν
566 527 634 582 ἐ’στι
653 525 736 581 τοῦτο
756 520 797 596 μὴ
818 521 940 585 δυνατόν

131 616 257 689 ποιῆσαι,
278 613 359 690 ὑμέες
387 614 416 672 δὲ
438 613 477 672 ἔτι
498 612 544 671 καὶ
564 615 612 671 νῦν
633 615 662 668 ἐκ
682 612 732 669 τοῦ
755 609 846 685 μέσου
866 609 940 688 ἡμῖν

132 700 228 770 ἕζεσθε
250 703 296 760 καὶ
316 699 404 771 αὐτοὶ,
426 701 472 759 καὶ
491 704 545 760 τῶν
567 701 669 774 Καρῶν
689 697 786 756 δέεσθε
806 697 842 757 τά
863 696 940 760 αάτοὶ

130 786 195 863 ἡμῖν
222 789 334 848 ποιέειν·
378 793 401 846 εἰ
428 789 457 847 δὲ
489 787 641 864 μηδέτερον
674 784 777 844 τούτων
812 784 872 846 οἶόν
905 815 939 848 τε

130 875 267 955 γίνεσθαι,
287 875 351 934 ἀλλ’
371 874 417 934 ὑπ’
433 874 584 955 ἀναγκαίης
600 875 714 949 μέζονος
734 873 900 953 κατέζευχθε
919 876 939 952 ἢ

132 962 204 1022 ὥστε
220 963 404 1031 ἀπίστασθαι,
418 961 499 1038 ἡμέες
518 988 551 1043 γε
568 966 598 1021 ἐν
612 991 651 1044 τῳ
666 962 744 1041 ἔργῳ,
760 959 844 1021 ε’πεάν
862 988 938 1039 συμ-

130 1050 284 1128 μίσγωμεν,
305 1049 505 1118 ἐθελοκακέετε,
524 1049 695 1125 μεμνημένοι
713 1046 756 1107 ὅτι
773 1046 820 1105 ἀπ’
841 1048 939 1125 ἡμέων
976 1060 986 1076 ’

130 1136 263 1216 γεγόνατε
285 1138 329 1196 καὶ
352 1137 394 1195 ὅτι
416 1135 539 1215 ἀρχῆθεν
555 1136 574 1211 ἡ
592 1136 678 1214 ἔχθρη
700 1135 770 1213 πράς
790 1135 841 1195 τόν
861 1139 939 1216 βάρ-

130 1226 223 1301 βαρον
243 1223 290 1284 ἀπ’
311 1225 400 1302 ἡμέων
420 1223 487 1301 ἡμῖν
510 1223 633 1306 γέγονε.”
675 1225 883 1300 Θεμιστοκλέης
905 1228 938 1288 δὲ

130 1316 217 1372 ταῦτα
241 1315 352 1395 ἔγραψε,
381 1312 484 1372 δοκέειν
508 1313 577 1389 ἐμοὶ,
603 1311 644 1370 ἐπ’
669 1311 815 1387 ἀμφότερα
839 1312 936 1375 νοέων·

132 1401 175 1460 ἵνα
188 1400 206 1478 ἦ
220 1400 345 1463 λαθόντα
360 1401 396 1461 τά
414 1400 567 1482 γράμματα
579 1400 706 1476 βασιλέα
715 1397 811 1462 Ἴωνας
824 1400 937 1482 ποιήσῃ

130 1491 317 1565 μεταβαλέειν
339 1490 385 1549 καὶ
405 1490 538 1570 γενέσθαι
558 1487 628 1565 πρός
645 1490 757 1557 έωυτῶν,
776 1486 803 1561 ἢ,
823 1490 886 1550 ε’πεί
902 1517 937 1550 τε

61 1607 66 1616 ·
131 1575 275 1658 ἀνενειχθῇ
310 1579 355 1639 καὶ
385 1579 529 1655 διαβληθῇ
556 1578 626 1654 πρὸς
655 1575 767 1652 Ξέρξεα,
796 1573 938 1653 ἀπίστους

130 1665 237 1745 ποιὴση
270 1667 335 1730 τούς
355 1665 453 1729 Ἴωνας
479 1666 525 1724 καὶ
551 1667 607 1725 τῶν
636 1663 809 1741 ναυμαχιέων
833 1663 939 1730 αὐτοῦς

133 1752 259 1832 ἀπόσχη.

83 1842 122 1900 23
172 1842 381 1916 Θεμιστοκλέης
393 1844 445 1916 μὲν
457 1844 545 1900 ταῦτα
564 1842 707 1921 ἐνέγραψε·
728 1842 805 1898 τοῖσι
818 1839 847 1898 δὲ
860 1842 938 1920 βαρ-

130 1926 249 2004 βάροισι
282 1927 379 1988 αὐτίκα
407 1928 478 2004 μετά
512 1933 600 1988 ταῦτα
633 1930 723 2007 πλοίῳ
756 1925 827 2003 ἦλθε
862 1927 938 2009 ἀνὴρ

129 2014 283 2089 Ἱστιαιεῦς,
298 2016 445 2098 ἀγγέλλων
462 2015 511 2076 τόν
530 2016 658 2094 δρησμάν
677 2016 726 2075 τόν
746 2014 792 2074 ἀπ’
806 2015 938 2094 Ἀρτεμι-

133 2107 197 2165 σίου
220 2111 274 2166 τῶν
296 2105 449 2181 Ἑλλήνων.
492 2108 518 2165 οἱ
542 2105 564 2164 δ’
589 2104 634 2162 ὑπ’
658 2104 790 2179 ἀπιστίης
810 2103 860 2163 τάν
881 2109 939 2182 μὲν

131 2192 308 2273 ἀγγέλλοντα
324 2194 400 2271 εἶχον
420 2200 448 2254 έν
467 2197 590 2270 φυλακῇ,
605 2197 672 2267 νῆας
690 2193 720 2250 δὲ
736 2192 848 2269 ταχείας
867 2192 937 2254 α’πέ-

131 2285 247 2339 στειλαν
265 2281 521 2357 προκατοψομένας·
543 2278 771 2359 ἀπαγγειλάντων
785 2280 814 2339 δὲ
828 2279 939 2342 τούτων

130 2365 166 2425 τά
175 2365 217 2441 ἦν,
227 2366 297 2424 οὕτω
308 2367 341 2441 δὴ
353 2365 411 2441 ἅμα
424 2367 495 2445 ἡλίῳ
510 2366 681 2444 σκιδναμένῳ
692 2372 772 2426 πᾶσα
783 2367 801 2442 ἡ
813 2371 937 2447 στρατιὴ

131 2453 220 2511 έπλωε
238 2452 310 2528 ἀλὴς
333 2453 379 2511 ε’πὶ
394 2454 428 2513 τό
444 2452 632 2531 Ἀρτεμίσιον·
665 2455 827 2533 ἐπισχόντες
852 2455 882 2513 δὲ
904 2463 939 2519 ε’ν

129 2539 216 2618 τούτῳ
228 2544 267 2618 τῷ
279 2540 360 2619 χοίρῳ
376 2540 461 2620 μέχρι
480 2543 570 2619 μέσου
587 2540 700 2620 ἡμέρης,
714 2542 748 2602 τό
763 2541 818 2600 ἀπό
832 2543 938 2606 τούτου

131 2627 237 2687 ἔπλωον
252 2633 279 2690 ἐς
294 2626 439 2704 Ἱστιαίην·
461 2629 624 2706 ἀπικόμενοι
637 2631 668 2690 δὲ
680 2629 731 2706 τὴν
746 2629 832 2690 πόλιν
846 2630 939 2709 ἔσχον

129 2717 184 2773 τῶν
201 2713 361 2784 Ἱστιαιέων,
384 2718 430 2775 καὶ
450 2721 500 2793 τῆς
519 2717 674 2794 Ἐλλοπίης
695 2717 801 2794 μοίρης,
826 2719 879 2793 γῆς
903 2720 938 2779 δὲ

129 2806 179 2878 τῆς
190 2800 392 2878 Ἱστιαιὴτιδος,
406 2804 456 2869 τάς
469 2806 708 2882 παραθαλασσίας
727 2804 819 2880 κοίμας
837 2800 938 2871 πάσας

130 2890 294 2968 ἐπέδραμον.
772 2900 777 2908 ’

82 2979 122 3036 24
170 2978 307 3040 Ἐνθαῦτα
320 2980 350 3040 δὲ
362 2978 466 3041 τούτων
477 2979 583 3050 ἐόντων,
594 2978 700 3055 Ξέρξης
713 2974 937 3054 ἑτοιμασάμενος

129 3066 166 3126 τοὶ
199 3069 262 3146 περὶ
296 3068 359 3132 τούς
386 3067 505 3145 νεκρούς,
531 3069 636 3145 ἔπεμπε
666 3071 693 3130 ἐς
726 3066 776 3126 τόν
805 3071 936 3132 ναυτικὸν

116 3157 248 3231 στρατόν
266 3158 385 3238 κη’ρυκα·
407 3156 637 3239 προετοιμάσατο
654 3156 686 3216 λλ
699 3155 774 3216 τόλε·
800 3154 865 3215 ὅσοι
882 3165 935 3217 τοῦ

107 3251 240 3318 maro&
263 3256 318 3312 τοῦ
343 3255 450 3316 ἑωυτοῦ
469 3249 550 3330 ἦσαν
569 3247 667 3330 νεκροὶ
685 3249 713 3307 ἒν
731 3240 951 3321 θερμοπίιληου
971 3248 976 3258 ’
