2024 3450
120 112 138 156 ,ι
426 106 609 155 ἭΡοΔονοτ
877 109 921 174 [ν.
977 128 987 144 ·

120 189 174 266 μέν
188 213 237 249 νυν
249 192 300 264 τῆς
312 187 405 267 χώρης
416 187 518 263 ταύτης
529 188 593 264 πέρι
606 187 728 269 λέγεται·
749 188 785 248 τοί
798 193 922 267 παραθα·

122 274 234 336 λάσσια
254 276 277 336 δ’
299 275 335 337 αἰν
355 276 439 353 αὐτῆς
459 275 631 356 Μεγάβαζος
646 277 781 353 Περσέων
800 276 923 354 κατήκοα

123 364 224 423 ε’ποίεε.

75 452 111 510 ll
165 456 283 530 Δαρεῖος
295 454 333 522 δὲ,
347 452 383 516 ώς
396 451 497 529 διαβάς
509 452 632 532 τάχιστα
645 452 695 513 τόν
707 452 924 529 Ἑλλήσποντον

84 531 92 543 ’
122 539 237 601 άπίκετο
254 546 281 604 ές
300 541 408 618 Σάρδις,
425 541 552 618 ἐμνήσθη
570 546 620 616 τῆς
636 541 667 609 ἐξ
681 539 816 599 Ἱστιαίου
829 568 860 601 τε
873 547 924 603 τοῦ

122 630 268 704 Μιλησίου
282 628 448 710 εὐεργεσίης,
462 630 509 688 καὶ
521 633 571 704 τῆς
580 629 760 705 παραινέσιος
772 633 821 687 τοῦ
835 636 923 689 Μυτι-

122 717 238 792 ληναίου
248 717 343 776 Κώεω·
362 716 613 795 μεταπεμψάμενος
626 717 657 776 δέ
670 722 761 791 σφεας
776 722 802 780 ἐς
814 717 921 795 Σάρδις,

117 804 210 864 ἐδίδου
235 804 346 864 αύτοῖσι
369 805 487 880 αἵρεσιν.
528 803 544 863 ό
565 806 617 879 μὲν
644 802 678 879 δή
705 803 846 875 Ἱστιαῖος,
874 805 922 865 ἅτε

119 891 290 968 τυραννεύων
311 893 362 967 τῆς
383 891 516 968 Μιλήτου
537 893 696 968 τυραννίδος
720 895 771 967 μὲν
795 893 922 970 οὐδεμιῆς

120 978 307 1056 προσέχρηζε·
329 979 414 1038 αἰτέει
430 978 460 1037 δὲ
476 977 620 1055 Μύρκινον
628 978 680 1052 τὴν
695 978 840 1048 Ἠδωνίδα,
854 983 921 1055 βου-

120 1065 240 1142 λόμενος
254 1071 282 1125 ε’ν
291 1064 360 1144 αὕτη
373 1065 459 1126 πόλιν
472 1066 576 1125 κτίσαι.
618 1062 699 1128 οὗτος
711 1068 763 1141 μὲν
773 1066 807 1142 δή
820 1068 923 1143 ταύτην

121 1153 250 1229 αἶρέεται·
272 1152 331 1212 εἰδὲ
347 1153 438 1229 Κώης,
458 1152 546 1229 οἶάτε
560 1151 593 1212 ού
605 1152 739 1230 τύραννος
755 1153 876 1230 δημότης
892 1182 923 1214 τε

121 1239 180 1310 ε’ών,
206 1241 290 1300 αἰτέει
315 1241 480 1317 Μυτιλήνης
502 1245 694 1317 τυραννεῦσαι.
735 1243 922 1304 τελεωθέντων

88 1380 90 1384 ,
120 1328 150 1387 δὲ
173 1327 369 1406 ἀμφοτέροισι,
392 1327 469 1390 οὗτοι
489 1331 541 1406 μὲν
563 1328 634 1388 κατά
653 1329 689 1390 τά
713 1328 822 1389 εἴλοντο
846 1332 922 1408 ε’τρά-

119 1441 217 1476 ποντο.
653 1409 663 1429 '

73 1506 110 1563 1¹2
160 1509 281 1584 Δαρεῖον
304 1506 334 1566 δὲ
357 1505 510 1585 συνήνεικε,
530 1511 650 1588 πρῆγμα
668 1506 776 1568 τοιόνδε
797 1506 922 1584 ἰδόμενον

119 1596 292 1673 ἐπιθυμήσω
305 1597 484 1658 ἐντείλασθαι
497 1596 668 1680 Μεγαβάζῳ,
685 1597 810 1659 Παίονας
823 1595 922 1656 ἑλόντα

121 1680 320 1753 ἀνασπάστους
330 1690 449 1760 ποιῆσαι
462 1692 492 1745 ε’κ
506 1690 556 1761 τῆς
566 1685 701 1762 Εὐρώπης
714 1689 741 1747 ἐς
750 1684 802 1760 τήν
812 1682 921 1759 Ἀσίην.

120 1768 155 1843 ἦν
176 1771 286 1848 Πίγρης
307 1774 354 1829 καὶ
373 1773 513 1846 Μαντύης,
535 1771 630 1848 ἄνδρες
650 1774 779 1834 Παίονες·
806 1772 841 1842 οἰ,
863 1773 925 1830 ε’πεί

118 1880 150 1914 τε
179 1860 297 1932 Δαρεῖος
321 1857 403 1933 διέβη
425 1863 452 1919 ἔς
471 1858 523 1932 τήν
541 1856 652 1933 Ἀσίην,
674 1859 754 1917 αὐτοὶ
780 1861 923 1923 ἐθέλοντες
950 1854 955 1863 '

118 1942 250 2002 Παιόνων
273 1942 444 2018 τυραννεύειν
472 1943 648 2002 α’πικνέονται
675 1949 702 2005 ε’ς
729 1944 836 2020 Σάρδις,
864 1945 923 2020 ἅμα

119 2029 254 2110 ἀγόμενοι
274 2028 418 2106 ἀδελφεήν
436 2029 565 2110 μεγάλην
583 2056 615 2091 τε
633 2031 680 2088 καὶ
697 2030 810 2089 εὐειδέα·
833 2034 923 2107 φυλά-

118 2117 215 2186 ξαντες
228 2117 259 2177 δὲ
272 2122 393 2194 Δαρεῖον
410 2117 647 2195 προκατιζόμενον
661 2122 688 2179 ἐς
700 2117 733 2179 τό
752 2118 922 2195 προάστειον

118 2205 152 2266 τά
172 2210 228 2268 τῶν
248 2205 354 2274 Λυδῶν,
372 2206 510 2281 ἐποίησαν
528 2205 644 2265 τοιόνδε·
665 2205 853 2270 σκευάσαντες
870 2211 921 2284 τήν

121 2292 263 2371 α’δελφεήν
282 2288 318 2356 οἷς
337 2292 414 2371 εἰχον
426 2291 537 2368 άριστα,
552 2291 594 2354 ἐπ’
607 2292 679 2370 ὕδωρ
698 2295 822 2372 ἔπεμπον
835 2294 921 2377 άγγος

119 2382 165 2440 ε’πὶ
178 2385 215 2459 τῇ
229 2385 342 2461 κεφαλῇ
361 2382 482 2461 ἔχουσαν
501 2382 547 2439 καί
560 2386 590 2440 ε”κ
603 2386 654 2441 τοῦ
667 2383 822 2460 βραχίονος
836 2385 921 2444 ἵππον

119 2469 295 2529 ἐπέλκουσαν
314 2469 361 2528 καὶ
380 2469 546 2529 κλώθουσαν
559 2471 648 2529 λίνον·
670 2469 748 2532 οἰςδέ
758 2470 920 2548 παρεξήῖεὴ

118 2557 197 2638 γυνὴ,
212 2560 342 2634 ε’πιμελές
351 2561 389 2636 τῷ
400 2558 509 2637 Δαρείῳ
519 2558 638 2638 ἐγένετο·
653 2555 716 2618 οὕτε
726 2559 781 2639 γάρ
794 2566 921 2637 Περσικά
992 2596 999 2605 ·

118 2643 153 2720 ἦν
174 2644 237 2705 ούτε
256 2644 346 2704 Λύδια
365 2644 401 2706 Ιτά
420 2645 570 2722 ποιεύμενα
586 2650 616 2705 ἔκ
632 2649 683 2722 τῆς
700 2646 837 2727 γυναικός,
858 2647 920 2707 ούτε

119 2732 191 2810 πρδς
207 2738 263 2794 τῶν
276 2738 307 2793 ἐκ
319 2737 370 2810 τῆς
381 2732 481 2811 ῗΑσίης
499 2733 637 2811 ούδομῶν·
658 2737 789 2811 ἐπιμελὲς
802 2735 832 2794 δὲ
845 2735 881 2799 ώς
894 2739 920 2796 οἱ

119 2823 295 2901 ε’γένετο,τών
304 2821 660 2900 δορυφόρωντινάςπέμπει
669 2822 788 2883 κελεύων
796 2823 920 2899 φυλάξαι

119 2907 143 2966 o'
158 2935 186 2969 τι
200 2909 339 2988 χρήσεται
353 2914 392 2989 τῷ
409 2911 483 2988 ἵππῳ
500 2910 520 2985 ἦ
536 2909 616 2991 γυνή·
638 2913 733 2987 οἱμὲν
750 2910 784 2986 δή
803 2910 921 2972 ὄπισθεν

120 2996 239 3067 εἵποντο,
253 2997 272 3073 ἦ
288 2998 317 3057 δὲ
331 2999 392 3058 ε’πεί
401 3024 433 3058 τε
446 2997 561 3057 ἀπίκετο
580 2999 625 3057 ε’πὶ
638 2998 689 3059 τόν
701 2999 838 3074 ποταμόν,
849 2999 920 3076 ἦρσε

118 3084 168 3146 τόν
195 3085 291 3146 ἰππον·
321 3084 437 3162 άρσασα
463 3085 492 3143 δὲ
519 3086 565 3143 καὶ
588 3085 620 3144 τό
642 3084 730 3166 ἄγγος
749 3091 800 3145 τοῦ
822 3087 917 3146 ύδατοτ

100 3173 325 3250 ᾁιπλησαμείνη,
340 3173 396 3250 τήν
412 3171 501 3252 αύτήν
519 3171 587 3234 ὁδόν
600 3173 735 3253 παρεξήίε
748 3176 901 3250 ᾧέρουσατ

79 3247 159 3323 ffd'wp
182 3259 233 3316 ε’πί
253 3265 310 3336 τῆς
328 3266 469 3341 κεφαλῆς
484 3263 537 3324 καὶ
555 3265 727 3325 ἐπέλκουσα
745 3267 779 3321 ἐκ
794 3265 847 3321 τοῦ
869 3263 931 3336 βρο.
