2024 3450
80 113 218 178 113-119]
259 156 262 161 .
379 113 581 162 ἮΕΡΨΙΧΟΡΗ.
844 109 875 157 55

76 194 230 270 ρύσσοντες
255 192 289 254 τό
315 197 407 272 τεῖχος
426 193 543 271 πέμπτῳ
562 191 631 269 μηνὶ
653 189 730 251 εἶλον
756 188 784 249 οἱ
809 188 884 267 Πέρ·

77 300 138 334 σαι.
864 320 865 325 ,

119 359 242 438 Κύπριοι
262 363 314 437 μὲν
335 360 377 435 δη,
401 357 524 418 ἐνιαυτόν
546 357 685 436 ἐλεύθεροι
702 356 921 439 γενόμενοι116

78 447 154 513 αὖτις
175 454 206 508 ἐκ
224 449 286 524 νέης
304 445 547 506 κατεδεδούλωντο.
590 446 733 522 Δαυρίσης
754 445 783 504 δέ
805 446 873 524 έχων
949 447 951 450 ’

79 537 200 613 Δαρείου
220 536 365 616 θυγατέρα,
387 534 433 591 καὶ
453 532 555 609 Ὑμέης
575 558 606 592 τε
625 532 671 590 καὶ
690 530 809 608 Ὀτάνης
828 533 873 590 καὶ

79 620 164 682 άλλοι
178 625 290 699 Πέρσαι
306 620 459 700 στρατηγοὶ
478 619 586 698 ἔχοντες
602 620 649 679 καὶ
663 618 739 678 οὗτοι
756 622 874 696 Δαρείου

78 711 239 790 θυγατέρας,
251 708 440 777 ἐπιδιώξαντες
453 707 516 771 τούς
529 712 558 767 ἐν
571 705 690 784 Σάρδισι
703 732 874 785 στρατευσα-

77 797 177 873 μένους
193 795 298 865 Ἰώνων,
318 796 363 854 καὶ
385 794 567 871 ἐσαράξαντές
585 802 677 871 σφεας
699 800 726 858 ἐς
745 794 795 858 τάς
813 795 875 859 νέας

78 888 115 962 τῇ
133 884 211 962 μάχη
225 883 260 945 ώς
274 882 473 960 ἐπεκράτησαν,
487 883 519 943 τά
534 885 658 944 ἐνθεῦτεν
674 882 874 960 ἐπιδιελόμενοι

78 972 128 1035 τάς
149 973 231 1036 πόλις
247 972 396 1049 ἐπόρθεον.
441 974 583 1049 Δαυρίσης
608 975 659 1049 μέν
682 971 920 1050 τραπόμενοςῙΠ

78 1059 148 1141 τρός
157 1061 207 1123 τάς
220 1066 248 1121 ἐν
262 1059 465 1140 Ἑλλησπόντῳ
479 1059 569 1130 πόλις,
584 1061 642 1119 εἷλε
655 1063 706 1137 μὲν
719 1060 872 1138 Δάρδανον,

79 1148 136 1207 εἷλε
150 1147 313 1224 δὲ”Αβυδόν
326 1175 356 1208 τε
370 1148 416 1207 καὶ
430 1147 580 1224 Περκώτην
593 1149 638 1207 καὶ
651 1148 808 1227 Λάμψακον
827 1149 873 1208 καὶ

80 1236 200 1297 Παισόν·
221 1236 322 1300 ταύτας
337 1239 389 1314 μὲν
403 1234 445 1294 ἐπ’
458 1235 563 1312 η’μέρης
580 1235 698 1312 ἑκάστης
712 1237 794 1312 αἵρεε·
816 1236 872 1296 άπό

79 1323 108 1382 δὲ
122 1329 235 1385 Παισοῦ
250 1324 395 1384 ἐλαύνοντί
415 1326 441 1382 οἱ
462 1324 507 1381 ἐπὶ
521 1322 629 1399 Πάριον
642 1323 727 1383 πόλιν
739 1322 809 1399 ἦλθε
823 1322 872 1402 α’γ-

78 1413 167 1491 γελίη,
183 1412 247 1474 τούς
261 1415 358 1487 Κᾶρας
375 1409 464 1469 πώυτὸ
476 1408 557 1469 Ἴωσι
572 1410 768 1486 φρονήσαντας
786 1409 873 1468 οἷπεσ·

78 1498 159 1559 τάναι
172 1497 227 1556 άπὸ
239 1499 380 1573 Περσέων·
402 1495 584 1571 ἀποστρέψας
594 1496 630 1555 ὧν
644 1503 673 1554 ἐκ
687 1500 736 1555 τοῦ
748 1496 873 1571 Ἑλλησ-

81 1584 183 1642 πόντου
198 1583 301 1658 ἤλαυνε
316 1582 366 1642 τόν
383 1581 505 1656 στρατόν
523 1582 568 1638 ἐπὶ
581 1582 632 1656 τὴν
645 1584 761 1658 Καρίην.
794 1585 921 1642 Καί118

81 1697 133 1733 κως
145 1673 232 1729 ταῦτα
244 1673 321 1728 τοῖσι
333 1668 431 1743 Καρσὶ
444 1668 600 1748 ἐξαγγέλθη
617 1669 752 1745 πρότερον
771 1671 836 1746 πρὶν
856 1670 874 1747 ἢ

80 1757 129 1817 τόν
151 1757 296 1832 Δαυρίσην
320 1749 479 1816 ἀπικέσθαι·
499 1754 650 1832 πυθόμενοι
673 1758 702 1816 δὲ
725 1761 752 1816 οἶ
773 1761 873 1834 Κᾶρες,

81 1845 263 1924 συνελέγοντο
283 1843 327 1902 ἐπὶ
340 1841 447 1905 Λευκάς
462 1868 493 1902 τε
507 1842 618 1919 Στήλας
638 1847 807 1922 καλεομένας
828 1847 874 1905 καὶ
912 1851 917 1902 1

317 1930 531 1956 ΙιλεΙτ

80 1932 206 2008 ποταμόν
220 1937 368 2008 Μαρσυην·
390 1958 420 1994 ος
432 1957 500 2009 ρεων
519 1958 548 1990 εκ
566 1936 616 2009 τῆς
630 1933 764 2012 Ἰδριάδος
782 1935 874 2013 χώρης

81 2025 108 2083 ἐς
130 2019 179 2080 τόν
206 2020 366 2097 Μαίανδρον
392 2019 502 2079 ἐκδιδοῖ·
530 2023 740 2100 συλλεχθέντων
768 2023 797 2080 δέ
819 2027 875 2083 τών

81 2111 182 2184 Καρών
201 2108 326 2176 ἐνθαῦτα,
344 2107 467 2187 ἐγίνοντο
485 2109 591 2182 βουλαὶ
613 2107 700 2168 ἅλλαι
715 2136 746 2169 τε
765 2111 873 2169 πολλαὶ

80 2197 126 2255 καὶ
147 2195 249 2273 άρίσπη
265 2221 297 2275 γε
317 2188 461 2258 δοκέουσα,
477 2195 545 2254 εἶναι
563 2197 624 2272 ἐμοὶ
642 2196 804 2273 Πιξωδάρου
824 2202 874 2257 τοῦ

80 2282 251 2353 Μαυσώλου,
268 2282 367 2360 άνδρός
381 2283 521 2352 Κινδυέος,
536 2282 631 2346 ὅς’τοῦ
646 2285 770 2344 Κιλίκων
787 2287 873 2362 βασι·

79 2373 144 2436 λέος
158 2372 318 2436 Συεννέσιος
341 2371 398 2449 εἶχε
419 2372 566 2452 θυγατέρα·
587 2373 687 2432 τούτου
707 2379 756 2432 τοῦ
777 2373 876 2452 άνδρὸς

79 2459 207 2541 ἦγνώμη
228 2461 317 2535 ἔφερε,
333 2457 484 2534 διαβάντας
499 2459 549 2519 τόν
562 2462 724 2537 Μαίανδρον
739 2461 803 2524 τούς
817 2467 875 2520 Κᾶ-

78 2572 130 2622 ρας
144 2547 189 2604 καὶ
203 2545 272 2604 κατά
286 2545 372 2605 νώτου
387 2548 500 2625 ἔχοντας
512 2547 561 2606 τόν
574 2549 702 2626 ποταμόν
716 2548 785 2608 οὕτω
804 2576 874 2627 συμ-

79 2633 210 2708 βάλλειν,
233 2633 276 2692 ίνα
296 2632 336 2708 μή
360 2635 467 2712 ἔχοντες
485 2633 576 2694 ὄπίσω
600 2636 713 2717 φεύγειν
735 2640 761 2696 οἱ
783 2642 876 2715 Κᾶρες

80 2721 164 2780 αι’τοῦ
185 2747 216 2780 τε
238 2721 329 2797 μένειν
350 2721 567 2802 ἀναγκαζόμενοι
589 2725 715 2804 γενοίατο
739 2725 876 2802 έτιοῖμεί·

80 2835 155 2872 νονες
167 2813 217 2884 τῆς
231 2807 344 2887 φύσιος.
379 2809 447 2886 αὕτη
460 2812 512 2888 μέν
525 2838 573 2872 νυν
587 2810 637 2871 οόκ
651 2814 725 2872 ἐνίκα
738 2814 757 2888 ἦ
769 2813 874 2893 γνώμη,

80 2895 156 2956 άλλά
176 2902 253 2957 τοῖσι
267 2897 399 2976 Πέρσησι
413 2898 483 2958 κατά
497 2899 583 2960 νώτου
596 2901 723 2980 γίνεσθαι
739 2901 789 2960 τόν
803 2903 876 2960 Μαί-

79 2985 179 3061 ανδρον
190 2989 304 3063 μᾶλλον
317 2983 336 3061 ἢ
349 2988 446 3062 σφίσι·
467 2987 582 3063 δηλαδή,
597 2987 631 3063 ἢν
645 2986 722 3066 φυγὴ
735 2991 790 3046 τῶν
803 2994 875 3061 Περ-

79 3073 151 3131 σέων
171 3074 284 3152 γένηται
303 3075 349 3131 καὶ
373 3076 538 3137 ἑσσωθέωσι
559 3079 597 3156 τῇ
616 3077 776 3152 συμβολῇ,
788 3072 827 3130 «λς
844 3069 900 3124 υἷι*

12 3200 14 3203 -
73 3159 308 3237 α’πονοσπήσουσι
322 3168 352 3227 ἐς
360 3166 411 3226 τόν
426 3168 563 3245 ποταμὸν
573 3156 785 3227 ἐσπίπτοντεςζ
805 3143 977 3244 §RQ-KQ

61 3243 98 3310 (δὲ
125 3249 290 3322 παρεόντων
312 3255 365 3314 καὶ
390 3256 569 3335 διαβάντων
598 3255 653 3316 τδν
674 3243 862 3314 λδώνῗλθῦν
888 3250 952 3286 'ww
