2024 3450
112 111 159 157 210
412 100 593 148 Ἡνοιοτου
655 166 658 171 ἢ
834 88 914 164 [vul

111 186 144 247 τά
158 185 239 262 οὖρος
251 185 307 242 πᾶν
319 181 364 241 ἐὸν
378 181 466 257 δρυῶν
476 179 618 239 ἐπίπλεον·
635 179 670 254 ἦν
682 181 734 257 μέν
744 179 778 254 δή
790 182 917 258 νηνεμίη,

33 288 39 297 ’
112 272 208 351 ψόφου
232 271 261 329 δὲ
280 270 426 350 γινομένου
450 271 561 326 πολλοῦ
583 266 619 329 οἷς
642 268 717 329 οἶκός
741 267 776 343 ἦν
796 267 917 342 φύλλων

112 359 322 437 ὑποκεχυμένων
343 356 397 415 ύπό
419 362 494 416 τοῖσι
518 356 597 423 ποσὶ,
619 354 671 413 ἀνά
694 382 724 414 τε
749 357 868 432 ἔδραμον
890 361 918 416 οἶ

113 449 218 509 Φωκέες
235 448 281 505 καὶ
296 446 388 505 ἔδοντο
405 445 440 504 τά
456 444 540 516 ὅπλα,
557 444 602 500 καὶ
617 441 713 502 αὐτίκα
729 447 754 501 οἱ
768 443 918 521 βάρβαροι

114 539 254 612 παρῆσαν·
278 533 312 597 ιός
330 533 360 593 δέ
378 533 450 592 εἶδον
469 529 568 609 ἄνδρας
588 531 763 607 ἐνδυομένους
781 531 866 601 όπλα,
889 539 918 595 ἐν

114 624 220 700 θώματι
241 625 376 703 ἐγένοντο·
406 619 555 696 ἐλπόμενοι
574 618 629 701 γάρ
651 618 729 679 οὐδέν
750 625 805 693 σφι
827 620 917 696 φανή-

114 712 217 771 σεσθαι
230 711 356 780 ἀντίξοον
370 707 537 786 ἐνεκύρησαν
551 709 672 786 στρατῷ·
689 705 807 768 ἐνθαῦτα
817 707 918 785 Ὑδάρ-

114 824 162 873 νης
176 797 389 876 καταρρωδήσας
402 797 443 874 μη
456 800 483 856 οἷ
496 797 600 859 Φωκέες
614 796 679 854 ἐωσι
693 795 917 871 Λακεδαιμόνιοι,

116 886 203 963 εἴρετο
216 885 266 945 τόν
278 885 433 945 Ἐπιάλτεα
445 883 572 947 ποδαπός
586 883 627 960 εἴη
642 883 658 943 ό
672 883 807 960 στρατός;
830 883 918 943 πυθό-

114 997 196 1048 μενος
219 974 248 1031 δὲ
272 973 411 1048 ἀτρεκέως,
437 973 569 1032 διέτασσε
596 971 661 1034 τούς
685 973 799 1047 Πέρσας
826 971 863 1034 οἷς
891 977 919 1035 ἐς

114 1058 217 1138 μάχην·
240 1065 265 1118 οἱ
282 1062 311 1118 δέ
324 1062 437 1129 Φωκέες,
453 1059 489 1122 οἷς
502 1059 662 1135 ἐβάλλοντο
675 1064 751 1119 τοῖσι
764 1050 919 1134 τοξεύμασι

55 1218 59 1224 Δ
115 1149 255 1205 πολλοῖσί
265 1173 295 1205 τε
310 1148 355 1206 καὶ
368 1150 507 1216 πυκνοῖσι,
522 1148 634 1226 οἴχοντο
644 1148 794 1227 φεύγοντες
807 1147 852 1204 ἐπὶ
865 1149 919 1207 τού

117 1232 210 1311 οὔρεος
235 1234 284 1293 τόν
311 1234 462 1313 κόρυμβον,
489 1233 668 1311 ἐπιστάμενοι
696 1235 731 1298 ὦς
756 1236 799 1293 ἐπὶ
824 1236 920 1309 σφέας

117 1320 288 1400 ὦρμήθησαν
308 1321 406 1402 ἀρχήν,
428 1324 473 1381 καὶ
494 1323 719 1398 παρεσκευάδατο
741 1323 776 1384 ὥς
796 1321 919 1381 ἀπολεό-

116 1435 203 1487 μενοι·
231 1409 307 1471 οὗτοι
330 1413 382 1487 μέν
405 1409 438 1485 δὴ
462 1414 549 1470 ταῦτα
573 1408 715 1485 ἐφρόνεον,
738 1414 764 1468 οἱ
787 1409 818 1468 δέ
841 1408 919 1485 ἀμφὶ

116 1495 268 1558 Ἐπιάλτεα
288 1500 333 1556 καὶ
346 1497 479 1575 Ὑδάρνεα
495 1497 607 1572 Πέρσαι
623 1497 737 1555 Φωκέων
752 1499 803 1573 μὲν
819 1495 919 1556 ούδένα

117 1584 205 1664 λόγον
229 1589 378 1654 ἐποιεῦντο,
400 1588 427 1644 οἱ
450 1584 479 1643 δὲ
501 1585 667 1660 κατέβαινον
686 1584 720 1643 τό
745 1582 825 1660 οὖρος
846 1584 919 1642 κατά

117 1673 212 1753 τάχος.

71 1760 129 1819 219
158 1766 241 1822 Τοῖσι
254 1764 284 1822 δέ
296 1768 326 1822 ἐν
338 1762 541 1840 Θερμοπύλῃσι
555 1766 633 1821 ἐοῦσι
644 1761 797 1838 Ἑλλήνων,
808 1765 921 1838 πρῶτον

117 1850 169 1923 μὲν
190 1848 205 1906 ό
226 1849 322 1925 μάντις
343 1850 501 1928 Μεγιστίης
522 1849 621 1908 ἐσιδιδν
641 1854 668 1910 ἐς
687 1849 724 1908 τά
746 1849 790 1926 ἶρά
811 1850 921 1924 ἔφρασε

118 1935 168 1995 τόν
180 1937 324 2012 μέλλοντα
340 1936 458 1995 ἔσεσθαι
475 1935 533 2013 άμα
547 1935 594 2012 ἠοῖ
607 1945 662 2014 σφι
679 1937 807 1997 θάνατον·
828 1936 873 1994 ἐπὶ
891 1937 921 1994 δὲ

103 2075 105 2080 .
120 2024 165 2083 καὶ
181 2023 334 2101 αὐτόμολοι
346 2023 433 2100 ἤϊσαν
446 2027 473 2084 οἱ
492 2025 701 2106 ἐξαγγείλαντες
716 2029 772 2085 τῶν
786 2024 922 2099 Περσέων

119 2111 171 2188 τὴν
183 2113 320 2190 περίοδον·
343 2112 418 2173 οὗτοι
432 2117 483 2190 μέν
497 2115 536 2173 ἐτι
550 2113 647 2174 νυκτός
659 2111 810 2190 ἐσήμηναν·
832 2111 922 2187 τρίτοι

121 2199 150 2258 δέ
171 2204 197 2258 οἱ
216 2200 408 2276 ἡμεροσκόποι
429 2200 650 2277 καταδραμόντες
669 2198 727 2260 ἀπό
747 2202 801 2258 τῶν
821 2197 920 2273 ἀκρων,

119 2285 173 2362 ἤδη
186 2287 387 2364 διαφαινούσης
403 2289 517 2365 ἡμέρης.
553 2288 670 2348 ἐνθαῦτα
689 2285 875 2363 ἐβουλεύοντο
894 2291 923 2346 οἱ

115 2372 262 2450 Ἕλληνες,
285 2375 333 2432 καί
351 2381 446 2449 σφεων
467 2377 613 2454 ἐσχίζοντο
634 2379 662 2434 αἱ
682 2378 798 2456 γνῶμαι·
824 2377 850 2432 οἱ
870 2378 923 2450 μὲν

120 2461 175 2542 γάρ
197 2461 246 2521 ούκ
267 2464 317 2522 ἐων
336 2462 388 2537 τήν
408 2461 487 2533 τάξιν
507 2467 639 2534 ἐκλιπεῖν,
661 2467 688 2522 οἳ
708 2463 738 2522 δέ
759 2463 922 2522 ἀντέτεινον·

120 2549 191 2624 μετά
212 2551 344 2610 δὲταῦτα
365 2551 556 2628 διακριθέντες,
578 2556 604 2611 οἱ
626 2555 678 2628 μέν
697 2551 923 2611 ἀπαλλάσσοντο

121 2638 167 2695 καὶ
185 2637 430 2701 διασκεδασθέντες
449 2640 519 2698 κατοὶ
532 2638 615 2701 πόλις
632 2640 747 2699 ἐκαστοι
761 2639 922 2715 ἐτράποντο,

121 2727 148 2782 οἷ
163 2725 196 2783 ’δέ
216 2724 306 2786 αύτῶν
323 2723 383 2804 άμα
398 2726 521 2804 Λεωνίδη
535 2727 626 2803 μένειν
643 2726 729 2787 αύτοΰ
747 2725 923 2803 παρασκευά-
981 2787 985 2794 Ι

74 2814 133 2871 220
142 2812 218 2872 δατο.
252 2813 372 2894 Λέγεται
391 2814 421 2873 δέ
436 2813 472 2877 ὦς
488 2812 571 2877 αύτός
583 2820 676 2889 σφεας
689 2812 836 2888 ἀπέπεμψε
849 2816 923 2868 Λεω-

122 2899 204 2976 νίδης,
217 2901 257 2978 μή
274 2900 434 2963 ἀπόλωνται
451 2900 610 2976 κηδόμενος·
631 2899 705 2979 αύτῷ
718 2901 747 2958 δὲ
766 2900 811 2958 καὶ
831 2899 923 2974 Σπαρ-

112 2991 231 3066 τιητέων
240 2994 318 3052 τοῖσι
331 2992 474 3071 παρεοῦσι
486 2984 539 3047 ούκ
552 2986 625 3068 ἐχειν
637 2985 792 3064 εύπρεπέως
805 2989 926 3043 ἐκλιπεῖν

97 3077 154 3152 τήν
169 3081 255 3154 τάξιν
275 3089 305 3150 ἐς
322 3083 380 3162 τὴν
400 3080 497 3161 ἦλθον
516 3076 699 3158 φυλάξοντες
721 3073 826 3152 όρχῆν·
857 3068 963 3170 τῦἢῒῑι,

82 3166 136 3224 Καί
150 3177 287 3245 μᾶλλον
298 3180 340 3258 τῇ
355 3173 465 3261 γνώμῃ
479 3168 629 3233 πλεῖστός
648 3169 720 3244 εἶμι,
735 3158 894 3230 δίωνῖδηνν
907 3173 971 3202 em

69 3271 108 3310 Ν
122 3253 251 3333 ᾔσθετο
276 3267 354 3333 τούς
375 3263 571 3347 συμμάχους
591 3258 698 3321 ἐόντας
718 3243 919 3325 ἆπθῦθέλωδές
942 3251 987 3280 mu
