2024 3450
64 101 171 165 ιιι-ιι]
371 100 559 150 Κκκκιοαιι.
816 104 862 150 319

63 181 159 244 κλίνας
174 206 205 240 τε
222 179 390 258 ἐπιχρύσους
412 180 458 238 καὶ
479 177 658 259 ἐπαργύρους,
679 179 817 256 κρητῆράς
833 205 864 240 τε

61 269 207 348 χρυσέους,
222 267 268 325 καὶ
287 267 392 341 φιάλας
407 292 439 328 τε
459 267 506 325 καὶ
523 265 601 325 ἄλλα
617 266 775 343 ἐκπώματα·
796 268 864 327 σάκ-

63 383 126 421 κους
153 382 184 416 τε
212 353 254 415 ἐπ’
278 354 403 432 ἁμαξέων
430 356 566 432 εὕρισκον,
596 359 625 414 ἐν
647 357 723 415 τοῖσι
744 358 864 431 λέβητες

63 446 211 522 ἐφαίνοντο
224 443 345 507 ἐνεόντες
358 444 477 523 χρύσεοί
492 468 523 503 τε
541 444 587 502 καὶ
605 442 744 524 α’ργύρεοι·
765 442 822 504 άπό
833 471 865 504 τε
911 497 912 500 ,

62 537 117 594 τῶν
131 533 260 610 κειμένων
273 535 376 608 νεκρῶν
390 531 541 590 ἐσκύλευον
555 530 641 609 ψέλιά
656 557 687 590 τε
702 531 747 589 καὶ
762 558 863 609 στρεπ-

62 620 133 693 τούς,
163 620 209 678 καὶ
234 619 297 681 τούς
325 618 476 688 άκινάκεας,
505 618 599 681 ἐόντας
625 619 770 696 χρυσέους·
806 620 865 678 ἐπεὶ

64 709 183 782 ἐσθῆτός
203 733 237 787 γε
257 709 385 794 Ιποικίλης
406 707 492 788 λόγος
519 708 624 788 ἐγίνετο
645 706 708 765 οὐδὲ
735 707 782 769 εἷς.
824 711 864 766 ἐν·

64 797 153 854 θαῦτα
177 792 273 852 πολλὰ
296 796 347 870 μὲν
372 796 537 858 κλέπτοντες
560 793 683 853 ἐπώλεον
706 794 776 871 πρός
800 794 866 859 τούς

64 881 214 961 Αἰγινήτας
236 883 262 939 οἲ
282 882 399 951 εἵλωτες,
421 882 518 940 πολλοὶ
542 881 571 940 δὲ
592 883 638 940 καὶ
658 881 864 952 ἀπεδείκνυσαν,

64 968 121 1026 ὅσα
135 968 237 1028 αὐτέων
251 967 300 1039 οὐκ
317 967 362 1028 οἶά
380 996 410 1029 τε
427 967 461 1045 ἦν
480 969 590 1047 κρύψαι·
612 970 686 1030 ὥστε
699 970 865 1052 Αἰγινήτῃσι

65 1059 91 1114 οῖ
104 1056 224 1136 μεγάλοι
240 1061 357 1117 πλοῦτοι
376 1056 466 1136 α’ρχήν
486 1060 609 1118 ἐνθεῦτεν
629 1059 763 1140 ἐγένοντο,
777 1058 804 1119 οἳ
815 1059 865 1121 τόν

62 1143 178 1223 χρυσόν,
193 1144 242 1206 ἅτε
256 1145 336 1206 ἐόντα
344 1145 460 1226 ’χαλκόν
474 1147 564 1223 δῆθεν,
576 1147 652 1224 παρά
665 1151 719 1206 τῶν
734 1149 866 1206 εἱλωτέων

63 1231 187 1296 ὠνέοντο.
223 1235 470 1314 ΙΣυμφορήσαντες
484 1235 513 1293 δὲ
527 1236 562 1294 τοὶ
575 1234 716 1312 χρήματα,
730 1235 775 1291 καὶ
789 1233 864 1291 δεκά-
874 1235 910 1292 81

62 1347 112 1396 την
126 1323 266 1393 ἐξελόντες
282 1329 321 1400 τῷ
340 1329 368 1382 ἐν
383 1325 528 1396 Δελφοῖσι
543 1322 603 1396 θεῷ,
618 1319 665 1376 ἀπ’
679 1317 712 1393 ής
726 1319 741 1378 ὁ
754 1320 864 1392 τρίπους

63 1408 78 1468 ὁ
95 1410 215 1486 χρύσεος
232 1409 385 1483 οἷνετέθη,ὁ
405 1407 450 1464 ἐπὶ
468 1409 518 1464 τοῦ
538 1404 703 1481 τρικαρήνου
719 1403 800 1480 ὄφιος
813 1411 864 1464 τοῦ

62 1496 185 1572 χαλκέου
207 1492 343 1555 ἐπεστεὼς
364 1492 488 1572 ἄγχιστα
509 1495 559 1551 τοῦ
578 1493 688 1567 βωμοῦ·
713 1492 759 1550 καὶ
779 1495 817 1570 τῷ
836 1498 866 1552 ἐν

63 1581 206 1658 Ὀλυμπίῃ
224 1582 276 1658 θεῷ
296 1579 443 1648 ἐξελόντες,
459 1577 506 1637 α’π’
519 1575 552 1652 ἧς
570 1577 727 1657 δεκάπηχυν
744 1579 866 1658 χάλκεον

64 1669 120 1728 Δία
139 1668 284 1742 άνέθηκαν·
307 1667 352 1724 καὶ
370 1671 408 1745 τῷ
419 1672 454 1726 ’ἐν
472 1665 579 1744 Ἰσθμῷ
598 1666 657 1745 θεῷ,
673 1665 719 1737 ἀπ’
733 1664 766 1743 ής
785 1666 866 1727 ἑπτά·

64 1780 154 1834 πηχυς
160 1756 281 1833 χάλκεος
289 1755 448 1823 Ποσειδέων
457 1755 604 1836 ἐξεγένετο·
618 1759 707 1815 ταῦτα
718 1754 865 1827 ἐξελόντες,

64 1843 204 1921 τάλοιποὶ
226 1843 385 1921 διαιρέοντο,
404 1843 453 1900 καὶ-
468 1844 580 1920 ἔλαβον
594 1844 708 1905 ἕκαστοι
721 1840 775 1905 τῶν
793 1843 865 1914 άξιοι

64 1931 146 2007 ἦσαν,
171 1931 292 2003 καὶτάς
307 1929 468 1993 ’παλλακάς
494 1935 549 1992 τῶν
575 1937 717 2009 Περσέων,
745 1934 791 1991 καὶ
815 1934 865 1995 τόν

63 2020 178 2099 χρυσόν,
194 2019 301 2079 καὶτὸν
319 2019 448 2100 Ιι’ίργυρον,
469 2020 518 2102 καὶ
534 2017 611 2078 ἄλλα
625 2020 756 2098 χρήματά
775 2046 805 2079 τε
819 2022 865 2080 καὶ
920 2013 930 2065 ι’

63 2107 205 2190 ὑποζύγια
219 2156 220 2160 ,
235 2105 305 2168 ’ὅσα
318 2110 431 2185 μέννυν
448 2106 573 2185 ἐξαίρετα
588 2106 666 2177 τοῖσι
679 2105 865 2184 οἷριστεύσασι

64 2197 165 2271 αὐτέων
180 2203 211 2258 ἐν
225 2201 392 2277 Πλαταιῇσι
409 2195 499 2273 ἐδόθη,
515 2195 548 2256 ού
568 2197 681 2276 λέγεται
697 2193 766 2272 πρός
787 2194 864 2254 οὐδα-

63 2291 131 2362 μῶν·
146 2282 231 2360 δοκέω
244 2285 267 2355 δῖ
278 2288 365 2369 ἔγωγε
377 2285 423 2346 καὶ
435 2284 562 2345 τούτοισι
574 2285 700 2362 δοθῆναι·
715 2285 864 2364 Παυσανίη

64 2373 93 2431 δὲ
103 2374 194 2446 πάντα
204 2371 408 2452 δέκαέξαιρέθη
422 2400 453 2434 τε
467 2374 512 2433 καὶ
521 2372 618 2451 ἐδόθη,
628 2376 762 2456 γυναῖκες,
775 2374 863 2444 ἵπποι,

63 2459 195 2537 τάλαντα,
207 2461 346 2537 κάμηλοι,
368 2463 411 2525 ὣς,
423 2463 452 2521 δέ
473 2462 560 2534 οὕτως
580 2465 626 2522 καὶ
644 2461 681 2522 τά
698 2460 778 2521 ἄλλα
798 2462 866 2540 χρή-

63 2570 155 2621 ματα.Ὶ4
190 2548 309 2628 Λέγεται
329 2544 432 2616 δὲκαὶ
451 2548 516 2608 τάδε
536 2551 678 2629 γενέσθαι·
705 2548 741 2612 οἷς
760 2550 910 2626 Ξέρξηςὸῗι

64 2631 175 2713 φεύγων
189 2637 219 2691 ἐκ
236 2637 286 2706 τῆς
300 2632 440 2696 Ἑλλάδος
458 2633 606 2714 Μαρδονίῳ
624 2637 676 2712 τήν
692 2637 866 2713 κατασκευήν

64 2721 215 2780 καταλίποι
235 2719 286 2795 τήν
307 2723 416 2778 ἑωυτοῦ·
439 2723 604 2798 Παυσανίην
621 2723 664 2796 ὧν,
680 2722 795 2800 όρέοντα
814 2724 866 2800 τήν

65 2809 226 2886 Μαρδονίου
253 2806 433 2883 κατασκευήν
449 2812 546 2886 χρυσῷ
571 2834 602 2868 τε
623 2810 669 2869 καὶ
689 2809 799 2890 ἀργύρῳ
819 2812 865 2870 καὶ

64 2895 305 2976 παραπετάσμασι
318 2896 474 2955 ποικίλοισι
489 2896 759 2972 κατασκευασμένην,
774 2900 866 2957 κελεῦ·

65 3013 116 3059 σαι
134 2987 198 3051 τούς
218 3015 249 3048 τε
269 2984 440 3065 ἀρτοκόπους
460 2984 506 3044 καὶ
532 2983 596 3049 τούς
619 2979 774 3064 όψοποιοθς-
792 2984 865 3046 ’κατά

64 3074 153 3135 ταῦτοὶ
173 3075 262 3141 καθώς
282 3075 430 3155 Μαρδονίῳ
451 3074 561 3136 δεῖπνον
580 3072 816 3150 παρασκευάζειν·
830 3072 870 3134 οἷς

66 3163 96 3222 δὲ
124 3165 298 3243 κελευόμενοι
325 3161 404 3226 οὗτοι
427 3165 537 3229 ἐποίευν
561 3155 892 3251 ταῐιτᾳὶυδάυτασῖυχ

54 3250 236 3329 Παυσανίην,
252 3253 352 3316 ἰδόντα
371 3256 475 3320 κλίνας
488 3281 525 3316 τε
546 3252 683 3333 χρυσέας
702 3245 756 3302 καλ
776 3240 930 3314 ὶῬἹὋδως
