2024 3450
47 165 49 170 Ι
69 97 191 161 99-102]
404 97 556 146 OTPANIA.
816 97 863 144 259

69 178 92 238 δ’
109 177 163 255 ἀρα
179 204 223 237 τοι
237 178 428 254 βεβούλευται
446 173 530 235 ούτδν
543 173 735 234 ἀπελαύνοντα
748 172 866 255 ἀπάγειν

68 266 120 342 τήν
136 265 279 343 στρατιήν,
295 263 391 339 ἀλλην
407 265 461 342 ἔχω
478 263 525 321 καὶ
542 266 573 320 ἐκ
591 262 675 323 τοῖνδε
687 261 808 338 βουλήν·
829 262 866 322 σύ

69 355 192 431 Πέρσας,
200 356 334 429 βασιλεῦ,
347 353 388 429 μή
401 351 524 430 ποιήσῃς
534 349 761 430 καταγελάστους
773 351 867 430 γενέσ-

69 444 116 502 θαι
124 442 261 517 Ἕλλησι·
282 439 361 500 οὐδὲν
373 437 427 520 γάρ
442 444 471 499 ἐν
483 443 559 500 τοῖσι
572 438 706 517 Πέρσησι
719 437 868 514 δεδήληται

68 534 123 590 τῶν
143 527 321 610 πρηγμάτων,
341 525 494 605 ούδέιέρεῖς
515 526 581 587 ὅκου
602 525 753 608 ἐγενόμεθα
773 524 869 603 ἀνδρες

70 621 158 678 κακοί·
185 617 255 677 εἰδὲ
274 615 398 680 Φοίνικές
410 642 442 677 τε
455 616 501 675 καὶ
514 614 662 697 Αἰγύπτιοι
681 614 727 673 καὶ
746 614 872 691 Κύπριοί

69 732 100 765 τε
118 707 164 764 καὶ
184 704 299 767 Κίλικες
317 704 396 764 κακοὶ
412 705 547 786 ἐγένοντο,
567 702 646 763 οὐδὲν
666 702 736 779 πρὸς
753 702 869 778 Πέρσας

70 799 151 852 τοῦτο
162 791 300 869 προσήκει
310 790 343 852 τό
356 791 454 855 πάθος.
483 791 536 868 ἤδη
547 789 591 860 ὧν,
603 789 697 866 ἐπειδή
712 788 744 849 ού
758 791 869 867 Πέρσαι

70 906 113 939 τοι
127 881 213 939 αἴτιοί
224 883 286 950 εἰσι,
301 880 363 956 ἐμοὶ
373 880 477 941 πείθεο·
495 881 521 938 εἴ
531 903 576 938 τοι
589 878 714 938 δέδοκται
727 877 767 954 μή
781 902 869 954 παρα·

70 968 169 1043 μένειν,
192 965 228 1026 σύ
246 970 297 1045 μὲν
319 973 346 1031 ἐς
369 966 439 1043 ἤθεα
461 959 505 1029 τά
518 970 640 1026 σεωυτοῦ
661 965 800 1026 ἀπέλαυνε
820 968 871 1041 τῆς

71 1061 203 1132 στρατιῆς
224 1055 337 1138 ἀπάγων
357 1055 390 1117 τό
410 1054 531 1115 πολλόν·
557 1057 605 1130 ἐμὲ
626 1054 657 1112 δέ
674 1079 722 1113 σοι
742 1053 798 1134 χρὴ
818 1053 870 1130 τήν

70 1142 195 1204 Ἑλλάδα
208 1148 368 1225 παρασχεῖν
384 1143 598 1220 δεδουλωμένην,
613 1140 761 1218 τριήκοντα
773 1139 869 1219 μυριά-

70 1230 118 1296 δας
132 1237 182 1293 τοῦ
201 1239 323 1312 στρατοῦ
340 1228 576 1309 ἀπολεξάμενον.”
616 1233 710 1294 Ταῦτα
728 1228 850 1291 ἀκούσας
860 1229 915 1287 101

70 1321 174 1397 Ξέρξης
194 1321 228 1385 ὦς
242 1328 272 1382 ἐκ
286 1325 376 1382 κακοῖν
390 1319 478 1400 ἐχάρη
495 1345 526 1379 τε
541 1317 587 1377 καὶ
600 1314 685 1393 ἥσθη·
707 1315 777 1394 πρός
790 1322 870 1392 Μαρ-

70 1407 161 1467 δόνιόν
174 1408 457 1485 τε,·βουλευσάμενος
477 1408 532 1482 ἔφη
551 1404 762 1485 ἀποκρινεῖσθαι
778 1402 872 1465 ὁκότε-

69 1520 119 1570 ρον
132 1495 245 1570 ποιήσει
258 1495 371 1555 τούτων·
393 1494 428 1557 ὥς
441 1495 470 1553 δὲ
484 1492 650 1569 ἐβουλεύετο
665 1493 723 1570 ἅμα
738 1492 872 1570 Περσέων

70 1585 146 1641 τοῖσι
165 1582 350 1659 ἐπικλήτοισι,
365 1581 441 1650 ἔδοξέ
457 1583 484 1640 οἱ
503 1581 549 1640 καὶ
566 1579 746 1658 Ἀρτεμισίην
760 1585 787 1643 ἐς
801 1606 882 1661 συμ-Ι

70 1669 192 1744 βουλίην
218 1669 462 1748 μεταπέμψασθαι,
499 1668 542 1729 ὅτι
570 1669 706 1745 πρότερον
741 1669 871 1742 ἐφαίνετο

70 1754 159 1832 μούνη
185 1757 303 1817 νοέουσα
325 1757 360 1816 τά
384 1757 500 1833 ποιητέα
526 1755 570 1833 ἦν·
600 1755 635 1819 οῖς
659 1756 688 1815 δὲ
713 1755 827 1815 ἀπίκετο
853 1755 873 1831 ή

71 1843 244 1921 Ἀρτεμισίη,
265 1844 513 1922 μεταστησάμενος
532 1843 597 1908 τούς
617 1844 730 1915 ἀλλους,
754 1843 818 1908 τούς
841 1870 872 1903 τε

72 1932 254 2008 συμβούλους
277 1934 408 2010 Περσέων
435 1933 481 1992 καὶ
506 1933 570 1996 τούς
591 1932 770 2010 δορυφόρους,
796 1932 872 2000 ἔλεξε

72 2020 177 2097 ’Ξέρξης
186 2020 261 2081 τάδε·
276 2032 293 2056 “
302 2020 407 2081 κελεύει
417 2024 453 2099 μὲ
463 2020 628 2098 Μαρδόνιος,
644 2020 763 2096 μένοντα
777 2017 871 2087 αύτοιῖ,

71 2110 222 2186 πειρᾶσθαι
235 2113 285 2186 τῆς
296 2109 528 2185 Πελοποννήσου·
545 2110 635 2189 λέγων
649 2107 684 2169 ὥς
696 2132 746 2182 μοι
763 2107 872 2181 Πέρσαι

71 2224 101 2257 τε
124 2198 170 2256 καὶ
191 2197 207 2257 ὁ
228 2197 311 2269 πεζός
332 2196 453 2275 στρατός
478 2195 587 2258 οὐδενός
608 2195 744 2272 μεταίτιοι
767 2192 871 2257 πάθεός

72 2290 135 2354 εἰσι,
157 2283 233 2349 ἀλλά
255 2287 460 2364 βουλομένοισί
482 2292 537 2360 σφι
555 2282 655 2365 γένοιτ’
679 2282 713 2342 ἂν
734 2281 871 2352 ἀπόδεξις.

72 2376 119 2446 ἐμὲ
134 2372 170 2432 ὦν
183 2372 201 2448 ἦ
214 2379 302 2455 ταῦτα
322 2375 427 2433 κελεύει
440 2374 551 2442 ποιέειν,
565 2370 584 2448 ἢ
598 2371 681 2435 αὐτός
694 2372 783 2432 ἐθέλει
796 2369 870 2448 τριή·

72 2486 156 2518 κοντα
176 2463 311 2538 μυριάδας
331 2461 539 2537 ἀπολεξάμενος
561 2465 611 2521 τοῦ
636 2463 758 2537 στρατοῦ
782 2485 869 2535 παρα-

72 2551 153 2623 σχεῖν
169 2573 218 2623 μοι
235 2548 287 2622 τήν
303 2548 430 2606 Ἑλλάδα
450 2547 665 2625 δεδουλωμένην·
687 2547 771 2608 αὐτόν
788 2547 818 2606 δέ
834 2572 870 2622 με

73 2633 178 2692 κελεύει
192 2633 356 2694 ἀπελαύνειν
369 2633 422 2693 σύν
436 2638 474 2712 τῷ
487 2639 577 2712 λοιπῷ
590 2641 701 2715 στρατῷ
716 2641 743 2699 ἐς
755 2634 824 2711 ήθεο
836 2634 873 2694 τοὶ

72 2721 134 2799 ἐμά.
176 2722 214 2782 σύ
234 2720 271 2781 ὦν
287 2722 357 2799 ἐμοὶ,
377 2719 422 2779 καὶ
439 2720 495 2802 γάρ
511 2723 574 2799 περὶ
594 2727 645 2797 τῆς
666 2722 820 2803 ναυμαχίης
842 2720 872 2781 εὗ

70 2810 300 2887 συνεβούλευσας
315 2813 366 2885 τῆς
385 2809 534 2890 γενομένης
554 2808 604 2869 ούκ
626 2816 701 2871 ἐοῖσα
717 2812 872 2879 ποιέεσθαι,

70 2901 119 2959 νῦν
138 2926 169 2961 τε
193 2898 413 2977 συμβούλευσον
435 2896 551 2975 ὁκότερα
574 2900 674 2960 ποιέων
699 2897 819 2976 ἐπιτύχω
843 2894 873 2955 εῧ

70 2985 326 3065 βουλευσάμενος·”
358 2985 394 3046 eO
407 2988 459 3064 μὲν
474 2990 562 3046 ταῦτα
582 2985 811 3063 συνεβουλεύετο·
834 2983 920 3059 ή102

72 3073 101 3132 δέ
122 3079 198 3156 λέγει
219 3076 293 3135 τάδε·
323 3076 482 3150 ς’βασιλεῦ,
505 3073 630 3152 χαλεπόν
650 3075 698 3150 μέν
721 3076 788 3128 ἐστι
807 3095 882 3140 σκια-

69 3162 265 3242 βουλευομένῳ
283 3166 378 3242 τυχεῖν
396 3161 433 3223 τό
449 3160 560 3240 ἄριστα
577 3163 713 3221 εῖπασαν·
736 3156 792 3214 ἐπλ
807 3154 913 3227 μεντοι

60 3251 137 3304 τοῖσι
156 3249 314 3322 κατήκουσι
333 3251 507 3334 πρήγμασι,
520 3251 622 3311 δοκέει
644 3272 698 3324 μοι
712 3240 807 3302 αἷιτῖιν
826 3233 881 3308 λύω
898 3248 942 3282 ⁰⁶·
