2024 3450
133 109 182 158 ιιι
455 104 637 154 Ἠιοιοπου
837 102 939 168 [vm.

133 187 186 261 μὲν
205 176 331 265 γάρ’τῶν
352 182 467 242 Φωκέων
488 186 516 245 ἐς
535 181 572 242 τό
594 181 665 260 ἄκρα
685 185 735 241 τοῦ
755 187 942 259 Παρνησσοΰ

134 271 287 345 α’νέβησαν·
323 271 383 331 έστι
405 271 434 329 δέ
458 270 504 328 καὶ
526 270 655 346 ἐπιτηδέη
679 269 824 345 δέξασθαι,
832 269 942 347 ὅμιλον

133 362 182 416 τοῦ
194 362 368 434 Παρνησσοῦ
379 358 397 433 ή
409 357 518 435 κορυφή
533 359 602 416 κατὰ
613 358 711 416 Νέωνα
723 357 809 414 πόλιν
823 360 941 436 κειμένη

135 444 176 503 ἐπ’
192 449 300 521 ἑωυτῆς·
322 447 441 523 Τιθορέα
454 445 559 522 οὔνομα
576 444 656 523 αὐτῇ·
678 449 704 506 ἐς
716 443 768 518 τήν
781 443 816 519 δή
830 444 941 521 άνηνεί-

136 558 228 603 καντο,
251 534 296 592 καὶ
318 533 397 593 αὐτοὶ
418 532 572 609 ἀνέβησαν·
608 535 634 590 οἶ
656 532 685 590 δὲ
707 534 824 594 πλεῦνες
845 533 941 593 αὐτῶν

136 625 163 684 ἐς
178 621 242 685 τούς
259 620 378 692 Ὀζόλας
394 620 519 697 Λοκροδς
540 620 744 696 ἐξεκομίσαντο,
763 624 791 682 ές
806 619 941 697 Ἀμφισ-

136 735 191 770 σαν
201 710 293 779 πόλιν,
304 710 355 786 τήν
363 708 433 785 ὖπὲρ
445 713 501 768 τοῦ·
506 709 646 785 Κρισαίου
656 707 750 766 πεδίου
765 711 939 786 οἰκεομένην.

136 799 163 855 οἶ
187 798 216 857 δὲ
237 797 384 874 βάρβαροι
403 796 455 872 τήν
475 795 569 875 χώρην
588 799 686 854 πᾶσαν
710 795 867 872 ἐπέδραμον
886 799 941 873 τήν

136 886 254 944 Φωκιδα·
285 885 432 944 Θεσσαλοὶ
455 884 511 964 γάρ
536 883 605 943 οὕτω
631 882 702 963 ἦγον
726 882 776 943 τόν
802 885 940 960 στρατόν·

137 971 227 1032 ὁκόσα
240 972 270 1030 δέ
284 972 413 1050 ἐπέσχον,
426 971 518 1030 πάντα
532 972 690 1050 ἐπέφλεγον
703 972 749 1029 καὶ
763 973 876 1047 ἔκειρον,
892 975 940 1032 καὶ

89 1061 127 1118 33
137 1063 164 1121 ἐς
181 1058 230 1121 τοὶς
247 1057 329 1121 πόλις
350 1059 462 1120 ἐνιέντες
477 1062 533 1134 πῦρ
552 1060 598 1116 καὶ
617 1064 645 1121 ές
661 1058 696 1118 τά
717 1059 771 1136 ἱρά.
813 1060 941 1136 Πορευό-

135 1171 215 1222 μενοι
240 1145 295 1226 γάρ
321 1145 407 1224 ταύτῃ
434 1145 511 1222 παρὰ
540 1146 589 1205 τόν
617 1146 773 1222 Κηφισσὸν
800 1148 941 1223 ποταμόν,

138 1233 244 1309 ἐδηίουν
257 1233 356 1302 πάντα,
371 1233 417 1306 καὶ
430 1233 500 1293 κατοὶ
516 1235 567 1311 μέν
583 1235 702 1293 ἔκαυσαν
716 1233 831 1310 Δρόμον
843 1236 940 1306 πόλιν,

139 1321 209 1380 κατσῖ
228 1322 257 1380 δὲ
275 1321 433 1399 Χαράδρην,
447 1322 493 1381 καὶ
504 1321 639 1400 Ἔρωχον,
656 1323 701 1380 καὶ
716 1321 877 1397 Τεθρώνιον,
893 1324 943 1382 καὶ

134 1410 316 1486 Ἀμφίκαιαν,
339 1410 385 1469 καὶ
404 1410 510 1479 Νέωνα,
536 1410 581 1468 καὶ
600 1409 724 1477 Πεδιέας,
748 1410 793 1467 καὶ
815 1411 941 1486 Τριτέας,

99 1514 101 1518 “
139 1498 185 1556 καὶ
204 1497 359 1568 Ἐλάτειαν,
378 1498 430 1556 καί
443 1497 609 1576 Ὑάμπολιν,
626 1498 671 1555 καὶ
691 1498 940 1574 Παραποταμίους,

140 1585 186 1644 καὶ
207 1585 310 1663 Ἀβας·
346 1587 411 1646 ἔνθα
437 1584 472 1662 ἦν
500 1586 559 1663 ἱρόν
584 1585 764 1647 Ἀπόλλωνος
791 1585 941 1660 πλούσιον,

139 1674 311 1751 θησαυροῖσί
321 1699 352 1734 τε
366 1675 412 1732 καὶ
425 1672 587 1751 ἀναθήμασι
602 1677 738 1732 πολλοῖσι
752 1698 942 1734 κατεσκευασ-

138 1761 231 1836 μένον·
262 1759 296 1835 ἦν
320 1761 350 1820 δὲ
373 1762 419 1819 καὶ
441 1760 506 1821 τότε
530 1762 576 1819 καὶ
599 1766 647 1820 νῦν
675 1761 744 1831 ἐστὶ,
766 1761 944 1839 χρηστήριον

139 1846 245 1906 αὐτόθι·
276 1847 321 1904 καὶ
340 1851 423 1906 τοῦτο
443 1848 476 1907 τό
497 1849 557 1925 ἱρόν
577 1848 753 1924 συλήσαντες
774 1849 943 1925 ἐνέπρησαν·

140 1935 188 1993 καί
208 1959 284 1997 τινας
304 1933 446 1998 διώκοντες
467 1935 543 1996 εἶλον
563 1940 619 1994 τῶν
639 1937 754 1995 Φωκέων
774 1936 844 2012 πρός
863 1942 944 1997 τοῖσι

141 2021 245 2099 οὔρεσι·
282 2023 328 2083 καὶ
347 2021 478 2104 γυναῖκάς
497 2050 573 2086 τινας
594 2023 752 2100 διέφθειραν
771 2022 944 2104 μισγόμενοι

139 2109 195 2170 find
209 2111 342 2187 πλήθεος.

93 2199 132 2257 34
181 2199 418 2275 Παραποταμίους
435 2199 466 2257 δὲ
482 2190 723 2276 παραμειβόμενοι
741 2201 768 2258 οἱ
785 2198 943 2277 βάρβαροι,

140 2283 272 2345 άπίκοντο
286 2291 314 2348 ἐς
323 2287 482 2363 Πανοπέας·
503 2287 628 2345 ε’νθεῦτεν
638 2286 672 2360 δή
683 2285 736 2362 ήδη
750 2288 945 2367 διακρινομένη

139 2371 159 2446 ἦ
182 2371 300 2447 στρατιή
322 2372 411 2430 αὐτῶν
432 2371 568 2450 ἐσχίζετο.
609 2372 642 2431 τό
663 2376 714 2449 μὲν
734 2379 945 2437 πλεῖστονκαὶ

141 2457 329 2518 δυνατώτατον
341 2454 394 2516 τοῦ
410 2463 542 2535 στρατοῦ,
559 2457 617 2535 ἅμα
634 2459 706 2538 αὐτῷ
719 2462 809 2539 Ξέρξη
828 2465 946 2539 πορευό-

140 2571 224 2621 μενον
251 2543 293 2603 ἐπ’
316 2543 444 2621 Ἀθήνας,
473 2546 596 2622 ἐσέβαλε
620 2552 647 2611 ἐς
675 2550 812 2612 Βοιωτοῦς
837 2555 864 2611 ἐς
887 2557 946 2630 γῆν

140 2632 349 2711 Ὀρχομενίων.
378 2637 506 2694 Βοιωτῶν
524 2634 554 2693 δὲ
572 2637 629 2695 πᾶν
643 2636 676 2697 τό
695 2638 805 2711 πλῆθος
822 2635 945 2712 ἐμήδιζε·

140 2720 190 2782 τὰς
202 2719 232 2777 δέ
245 2718 328 2781 πόλις
344 2719 433 2780 αὐτῶν
451 2719 547 2799 ἅνδρες
560 2723 718 2786 Μακεδόνες
734 2723 945 2799 διατεταγμένοι

142 2807 251 2891 ἔσωζον,
279 2805 333 2868 ὑπὸ
353 2807 539 2885 Ἀλεξάνδρου
565 2809 804 2888 ἀποπεμφθέντες·
839 2808 945 2877 ἔσωζον

141 2898 179 2967 δὲ,
202 2896 268 2974 τῇδε
289 2894 460 2972 βουλόμενοι
481 2897 568 2972 δῆλον
591 2898 694 2957 ποιέειν
720 2896 810 2973 Ξέρξη
837 2893 880 2952 ὅτι
905 2899 943 2959 τά

141 2985 246 3061 Μήδων
261 2983 379 3044 Βοιωτοὶ
398 2984 551 3060 φρονέοιεν.
593 2981 672 3044 οὗτοι
687 2982 785 3061 μὲνδὴ
801 2985 856 3040 τῶν
869 2984 943 3059 βαρ-

91 3072 237 3150 35βάρων
262 3072 350 3152 ταύτῃ
378 3071 538 3151 ἐτράποντο.
574 3071 682 3132 Ἀλλοι
705 3072 735 3131 δέ
756 3069 852 3140 αὐτῶν,
876 3070 943 3152 ήγε-

69 3160 217 3254 ,κίονας
233 3164 357 3245 ἔχοντες,
373 3162 498 3245 ὁρμέατο
516 3159 564 3223 ἐπὶ
578 3160 613 3223 τὸ
627 3159 688 3240 ἰρδν
705 3158 739 3220 τὸ
757 3165 785 3219 ἐν
803 3162 950 3232 Δελφοῖσι

120 3248 129 3254 ’
169 3249 255 3332 36θῇ
277 3253 331 3318 τόν
355 3253 544 3339 Παρνησσὸν
566 3251 749 3336 ἀπέργοντες·
784 3246 845 3307 ὅσα
863 3244 899 3301 δῖ
918 3245 969 3298 *³1⁸*
