2024 3450
65 108 173 174 51-56]
400 111 553 159 οττικιι.
816 111 864 158 239

64 188 115 263 τήν
129 193 158 248 ἐν
170 192 206 268 τῇ
218 187 322 268 ἦπείρῳ
338 189 469 269 γενέσθαι
488 188 542 248 ύπδ
560 189 702 268 Πέρσῃσι·
721 189 865 267 ἔμπροσθε

66 274 102 335 ὦν
117 277 173 354 πρό
190 281 240 352 τῆς
256 275 432 354 άκροπόλιος,
449 275 551 335 ὄπισθε
567 277 597 335 δέ
616 281 671 336 τῶν
691 277 800 337 πυλέων
819 276 865 335 καὶ

64 367 114 437 τῆς
127 362 234 438 άνόδου,
248 368 284 443 τῇ
298 364 331 439 δή
346 363 408 423 οὕτε
421 390 463 426 τις
476 362 624 437 ἐφύλασσε
638 363 693 423 οὔτ’
707 362 741 424 ἂν
756 364 864 440 ἤλπισε

64 450 106 526 μή
126 452 191 510 κοτέ
209 477 251 514 τις
267 452 338 510 κατά
354 455 443 510 ταῦτα
459 449 582 525 ἀναβαίη
600 448 758 526 ἀνθρώπων,
777 451 865 530 ταύτῃ

65 536 211 615 άνέβησάν
221 564 292 600 τινες
305 537 376 596 κατὰ
387 537 427 597 τδ·
435 536 495 614 ἱρὸν
508 541 558 612 τῆς
571 536 717 612 Κέκροπος
730 537 867 617 θυγατρός

65 623 232 705 Ἀγλαύρου,
245 625 387 700 καίτοιπερ
402 623 583 700 ἀποκρήμνου
597 621 690 685 ἐόντος
702 627 752 683 τοῦ
766 623 866 702 χιύρου·

66 711 102 772 ὦς
122 711 151 770 δὲ
173 711 245 769 εἶδον
263 710 362 774 αύτούς
382 710 597 790 ἀναβεβηκότας
615 711 642 769 οἱ
660 708 804 786 Ἀθηναῖοι
822 712 866 770 ἐπὶ

66 798 117 871 την
137 797 299 873 α’κρόπολιν,
320 801 347 857 οἱ
366 799 419 875 μέν
439 798 583 875 ἐρρίπτεον
603 795 718 862 ἑωυτούς
732 796 803 857 κατοὶ
816 801 866 858 τοῦ

66 885 173 963 τείχεος
193 885 274 955 κάτω,
289 886 335 944 καὶ
355 885 554 963 διεφθείροντο,
570 887 597 945 οἱ
614 885 643 944 δέ
658 890 686 949 ἐς
697 885 730 945 τά
744 886 868 967 μέγαρον

68 973 248 1053 κατέφευγον·
269 977 325 1033 τῶν
338 973 368 1032 δὲ
381 973 516 1051 Περσέων
529 976 555 1032 οἱ
571 972 782 1050 ἀναβεβηκότες
794 977 868 1052 πρῶ-

66 1086 115 1118 τον
127 1062 179 1136 μέν
193 1059 345 1138 ἐτράποντο
364 1062 434 1138 πρδς
451 1059 502 1124 τοὶς
515 1061 613 1134 πύλας,
636 1061 738 1125 ταύτας
752 1062 781 1121 δέ
794 1061 867 1122 οἶνοί-

67 1147 161 1217 ξαντες
180 1149 245 1212 τούς
267 1151 357 1214 ἱκέτας
378 1148 524 1226 ἐφόνευον·
549 1149 608 1208 ἐπεὶ
629 1149 661 1208 δέ
688 1156 745 1225 σφι
765 1149 868 1213 πάντες

67 1238 265 1315 κατέστρωντο,
279 1237 312 1298 τδ
331 1237 390 1315 ἱρδν
403 1236 581 1312 συλήσαντες
599 1237 756 1312 ἐνέπρησαν
769 1241 868 1296 πᾶσαν

66 1323 118 1400 τὴν
132 1325 292 1402 ἀκρόπολιν.

108 1413 189 1490 Σχών
203 1412 232 1470 δὲ
245 1412 402 1475 παντελέως
414 1411 464 1474 τοὶς
476 1410 596 1486 Ἀθήνας
614 1411 727 1487 Ξέρξης,
742 1410 865 1487 ἅπέπεμ-
876 1413 916 1470 54

68 1506 103 1575 ψε
117 1504 144 1560 ἐς
158 1501 256 1561 Σοῦσα
271 1497 392 1579 ἄγγελον
408 1499 494 1556 ἱππέα
511 1495 677 1575 Ἀρταβάνῳ
696 1497 868 1578 ἀγγελέοντα

67 1583 118 1659 τὴν
131 1584 291 1660 παρεοῦσάν
304 1591 360 1659 σφι
374 1584 533 1662 εὐπρηξίην.
574 1582 630 1643 άπδ
644 1584 674 1643 δέ
686 1588 736 1660 Ιτῆς
749 1585 870 1662 πέμψιος

68 1677 117 1730 τοῦ
138 1671 254 1748 κήρυκος
275 1671 386 1750 δευτέρη
406 1672 496 1749 ἡμέρῃ
517 1672 698 1751 συγκαλέσας
716 1671 869 1748 Ἀθηναίων

67 1759 132 1821 τούς
152 1759 286 1840 φυγάδας,
307 1762 395 1837 ἐωυτῷ
415 1759 445 1818 δέ
469 1759 626 1835 ἑπομένους,
648 1760 757 1819 ἐκέλευε
775 1759 869 1840 τρόπῳ

68 1851 106 1925 τῷ
125 1848 253 1926 σφετέρῳ
275 1848 359 1906 θῦσαι
379 1847 414 1905 τά
434 1847 480 1924 ἱροὶ
499 1845 658 1923 ἀναβάντας
677 1852 704 1911 ἐς
719 1847 771 1923 την
789 1846 869 1926 α’κρό·

68 1939 162 1994 πολιν·
184 1936 238 1995 εἴτε
252 1935 285 2010 δη
297 1933 333 1994 ὧν
347 1932 412 2011 ὄψιν
424 1934 486 1993 τινοὶ
499 1933 562 1998 ἶδών
573 1934 698 1994 ἐνυπνίου
710 1936 869 1995 ἐνετέλλετο

67 2027 162 2093 ταῦτα,
182 2025 236 2082 ε’ίτε
254 2023 300 2081 καὶ
320 2021 447 2097 ἐνθύμιόν
463 2025 490 2081 οἱ
510 2022 617 2102 ἐγένετο
637 2021 822 2099 ἐμπρήσαντα
829 2023 868 2083 ’τδ

69 2111 137 2188 ἱρόν·
160 2115 186 2171 οἱ
203 2112 232 2171 δέ
248 2110 370 2191 φυγάδες
383 2114 442 2169 τῶν
455 2108 609 2185 Ἀθηναίων
627 2109 765 2185 ἐποίησαν
778 2108 814 2168 τά
828 2114 869 2170 ἐν·

67 2200 232 2276 τεταλμένα.
274 2202 331 2259 Τοῦ
349 2198 388 2268 ιδέ
414 2198 515 2258 εἱνεκεν
543 2196 653 2258 τούτων
683 2196 868 2274 ἐπεμνήσθην,
877 2201 917 2258 55

69 2287 179 2365 φράσω·
204 2289 265 2347 ἐστι
286 2293 314 2348 ἐν
333 2291 369 2364 τῇ
390 2284 530 2364 οἷκροπόλι
547 2284 634 2365 ταύτῃ
652 2284 801 2364 Ἐρεχθέος
819 2290 870 2346 τοῦ

67 2377 198 2454 γηγενέος
216 2376 369 2456 λεγομένου
391 2373 461 2435 εἶναι
481 2374 552 2450 νηός,
572 2379 601 2433 ἐν
620 2378 659 2452 τῷ
674 2375 755 2450 ἐλαίη
773 2400 804 2434 τε
825 2375 870 2434 καὶ

69 2461 205 2520 θάλασσα
219 2462 266 2520 ἐνι·
287 2461 322 2521 τά
336 2461 423 2539 λόγος
434 2463 512 2538 παραὶ
524 2461 677 2536 Ἀθηναίων
692 2461 871 2522 Ποσειδέωνά

68 2573 99 2606 τε
113 2548 158 2605 καὶ
170 2547 321 2622 Ἀθηναίην
337 2549 483 2624 ἐρίσαντας
493 2548 556 2626 περὶ
566 2553 616 2624 τῆς
629 2547 721 2627 χώρης
733 2549 870 2626 μαρτύρια

69 2635 179 2694 θέσθαι·
213 2634 316 2710 ταύτην
338 2634 373 2694 ὧν
393 2635 444 2711 τὴν
465 2637 561 2711 ἐλαίην
577 2635 641 2713 ’ἅμα
661 2641 700 2715 τῷ
720 2636 799 2716 άλλῳ
822 2641 870 2716 ἱρῷ

69 2722 210 2797 κατέλαβε
225 2721 487 2799 ἐμπρησθῆναιύπδ
500 2727 555 2783 τῶν
571 2723 738 2802 βαρβάρων·
759 2724 872 2802 δευτέρη

69 2809 98 2868 δέ
118 2809 207 2889 ἡμέρη
228 2809 285 2869 άπὸ
305 2813 356 2886 τῆς
383 2808 546 2887 ἐμπρήσιος,
567 2809 722 2887 Ἀθηναίων
745 2815 772 2870 οἱ
797 2811 872 2871 θύειν

68 2897 123 2957 ύπδ
141 2898 281 2975 βασιλέος
300 2896 477 2975 κελευόμενοι
496 2897 531 2961 ὦς
549 2897 696 2974 ἀνέβησαν
709 2904 736 2970 ἐς
749 2897 782 2956 τδ
802 2896 870 2974 ἱρδν,

70 2984 144 3062 ὥρων
158 2985 292 3062 βλαστδν
312 2991 343 3045 ἐκ
361 2989 411 3046 τοῦ
430 2985 580 3064 στελέχεος
598 2985 667 3045 ὅσον
685 3011 715 3044 τε
733 2985 872 3062 πηχυαῖον

70 3072 320 3152 ἀναδεδραμηκότα.
364 3071 441 3133 οὗτοι
453 3073 506 3148 μέν
519 3099 567 3133 νυν
579 3077 672 3132 ταῦτα
683 3073 835 3145 ἐφρασαυ.
855 3122 857 3126 .

112 3162 147 3218 Οἱ
167 3161 198 3220 δέ
216 3168 246 3222 ἐν
266 3163 410 3240 Σαλαμῖνι
419 3161 581 3237 Ἕλληνες,
603 3160 640 3223 ὣς
660 3163 723 3230 σφι
739 3144 967 3239 ἒξυᾙᾈδᾌὶὒῆ

61 3244 98 3308 οἷς
110 3245 179 3324 ἔσχε
189 3248 227 3307 τά
240 3250 308 3328 περὶ
321 3251 377 3328 τὴν
390 3250 561 3326 Ἀθηναίων
577 3247 770 3323 ἀκρόπολιν,
782 3240 816 3294 ὶῖ
828 3245 947 3285 '‘om“
