2024 3450
145 113 192 159 ιιι
290 87 292 94 '
445 103 626 150 ἀνυιοίοτ
855 103 960 168 [v111‚

150 186 353 260 ἅπονοστήσει’
372 183 443 243 οὕτω
464 179 584 239 οἶσθενέα
604 187 661 255 σφι
681 183 810 257 ἐφαίνετο
828 182 903 245 εἶναι
922 188 962 250 τὰ

147 277 202 333 τῶν
218 271 362 347 Ἑλλήνων
381 270 542 352 πρήγματα·
564 270 660 330 ὅσοισι
678 269 707 327 δὲ
726 269 772 327 καὶ
788 269 963 348 ἡδομένοισι

147 359 182 435 ἦν
207 358 240 419 τό
267 357 421 440 γινόμενον,
449 356 574 435 ἅμιλλαν
604 360 745 416 ἐποιεῦντο
772 356 843 420 ὅκως
871 360 961 429 αὐτὰς

148 448 264 509 ἕκαστος
284 451 392 522 πρῶτος
408 446 456 506 νέα
476 444 606 518 Ἀττικὴν
622 443 692 528 ἑλόν
712 444 790 522 παρὰ
811 447 961 522 βασιλέος

147 534 220 612 δεῦρο
240 532 393 611 λάμψεται·
428 533 581 608 Ἀθηναίων
600 531 655 613 γὰρ
676 531 788 591 αὐτοῖσι
809 534 899 615 λόγος
921 537 960 614 ἦν

100 623 134 680 ll
147 626 282 685 πλεῖστος
295 618 348 680 α’νά
361 621 396 680 τοὶ
410 620 595 697 στρατόπεδα.
631 623 720 678 ’Τοῖσι
734 619 764 678 δὲ
772 618 905 698 Ἕλλησι
920 626 960 690 ὥς

147 709 277 818 ἐσήμηνε,
297 713 401 821 πρῶτα
411 710 472 785 μὲν,
492 704 679 815 ἀντίπρωροι
675 710 752 766 τοῖσι
768 708 959 787 βαρβάροισι

145 797 287 876 γενόμενοι
315 802 343 858 ές
368 795 401 856 τό
428 796 518 872 μέσον
544 821 594 858 τας
623 794 750 871 πρύμνας
770 795 956 879 συνήγαγον·

145 884 257 960 δεύτερα
271 885 300 942 δὲ
319 882 503 961 σημήναντος,
518 884 599 962 ἔργου
620 883 736 960 εἴχοντο,
752 886 781 942 ἓν
795 881 894 991 ὄλίγῳ
897 913 956 965 περ

144 969 431 1047 ἀπολαμφθέντες
389 995 434 1027 και
444 995 514 1028 κατα
527 970 648 1046 στόμα.
667 971 786 1043 ἐνθαῦτα
798 971 956 1048 τριήκοντα

144 1058 207 1119 νέας
227 1058 352 1133 αἱρέουσι
379 1061 434 1116 τῶν
452 1055 608 1132 βαρβάρων
630 1057 746 1124 καὶτὸν
766 1057 879 1139 Γόργου
897 1069 955 1123 τοῦ

144 1144 321 1220 Σαλαμινίων
338 1144 477 1219 βασιλέος
498 1142 645 1220 ἀδελφεὰν,
662 1144 787 1204 Φιλάονα
803 1145 855 1207 τᾶν
875 1151 952 1227 Χέρ-

145 1257 214 1301 σιος,
248 1231 367 1311 λόγιμον
401 1230 482 1291 ε’όντα
516 1236 545 1290 ε’ν
578 1237 617 1310 τῷ
642 1233 823 1312 στρατοπέδῳ
849 1234 948 1313 ἄνδρα.

143 1323 252 1395 πρῶτος
273 1320 302 1378 δὲ
325 1317 468 1393 Ἑλλήνων
491 1320 538 1379 νέα
558 1323 613 1378 τιῦν
631 1321 771 1396 πολεμίων
795 1321 854 1380 εἷλε
874 1322 951 1403 ἀνήρ

142 1405 289 1483 Ἀθηναῖος
314 1405 479 1482 Λυκομήδης
503 1407 653 1484 Αἷσχρέου,
678 1407 724 1464 καὶ
743 1407 777 1466 τό
798 1407 951 1487 ἅριστήϊον

144 1495 233 1571 ἔλαβε
246 1493 335 1558 οὗτος.
376 1494 440 1557 τοῦς
454 1493 477 1551 δ’
491 1498 520 1553 έν
533 1498 569 1571 τῇ
578 1495 719 1572 ναυμαχίῃ
731 1493 817 1572 ταύτῃ
832 1498 949 1574 ἑτεραλ-

144 1583 210 1645 κέως
227 1581 442 1663 ἀγωνιζομένους
459 1581 515 1650 1¹6}-
530 1582 690 1642 ἐπελθοῦσα
703 1581 824 1640 διέλυσε·
846 1587 874 1642 οἱ
892 1589 950 1662 μὲν

143 1668 177 1745 δή
193 1668 366 1745 Ἕλληνες’
353 1669 399 1727 επὶ
417 1668 451 1728 τό
475 1668 655 1747 Ἀρτεμίσιον
669 1667 837 1740 ἀπέπλωον,
866 1698 895 1732 οι
885 1675 948 1736 δὲ
973 1683 980 1702 “

140 1756 313 1833 βόρβοροι’
300 1783 327 1820 ες
339 1781 391 1819 τας
402 1755 524 1832 Ἀφέτας
537 1756 648 1816 πολλόν
660 1782 737 1832 παρα
729 1755 862 1826 δόξαν’
844 1785 946 1840 αγωνι-

141 1841 268 1946 σόμενοι.
303 1847 332 1903 ἒν
341 1842 427 1921 ταύτῃ
436 1846 473 1921 τῇ
486 1844 626 1922 ναυμαχίῃ
636 1842 797 1920 Ἀντιδωρος
807 1845 945 1923 Λήμνιος,

139 1933 242 2005 μοῦνος
254 1956 309 1990 των
318 1956 372 1990 συν
347 1930 513 2006 βασιλέϊ
513 1930 690 2006 Ελλήνων”
661 1956 767 2000 εοντων,
776 1929 945 2009 αῦτομολέει

141 2022 170 2081 ἐς
194 2016 258 2082 τοῦς
271 2017 426 2096 Ἕλληνας·
461 2018 507 2076 καὶ
528 2021 555 2078 οἱ
574 2016 718 2094 Ἀθηναῖοι
738 2017 783 2076 διὰ
803 2024 886 2080 τοῦτο
908 2025 944 2084 τὰ

141 2108 221 2187 ἔργον
235 2108 335 2167 ἔδοσαν
347 2106 420 2187 αὐτῷ
432 2111 524 2186 χῶρον
538 2111 566 2166 έν
580 2106 731 2183 Σαλαμῖνι.
746 2131 749 2135 ·

94 2193 131 2249 12
180 2193 229 2257 Ὡς
246 2195 276 2253 δὲ
294 2193 416 2271 εὐφρόνη
434 2194 565 2274 ἐγεγόνεε,
581 2191 615 2268 ἦν
627 2195 679 2268 μὲν
695 2197 745 2269 τῆς
762 2193 832 2272 ὥρης
846 2196 943 2271 μέσον

140 2280 227 2354 θέρος,
248 2281 361 2360 ε’γίνετο-
373 2281 402 2338 δὲ
422 2279 499 2355 ὕδωρ
513 2290 544 2338 ’τε
565 2277 687 2338 ἄπλετον
708 2279 753 2339 διό
774 2280 869 2359 πόσης
889 2291 943 2362 τῆς

87 2411 91 2418 ,
138 2365 235 2428 νυκτός
253 2366 299 2441 καὶ
316 2365 438 2441 σκληραὶ
451 2365 571 2442 βρονταὶ
587 2364 643 2424 α’πό
661 2371 711 2426 τοῦ
725 2370 847 2445 Πηλίου·
869 2374 896 2429 οἱ
911 2375 942 2435 δὲ

138 2449 229 2528 νεκροὶ
245 2451 291 2511 καὶ
307 2451 343 2510 τὰ
361 2451 476 2532 ναυήγια
495 2451 675 2529 ἐξεφορέοντο
695 2459 723 2516 ές
741 2455 791 2518 τοὶς
807 2455 940 2535 Ἀφέτας,

137 2539 184 2596 καὶ
210 2538 276 2615 περί
299 2564 329 2598 τε
355 2539 404 2603 τὰς
430 2537 541 2616 πρώρας
567 2543 623 2600 τῶν
645 2545 712 2600 νεῶν
740 2544 863 2605 εἱλέοντο
890 2552 941 2609 καὶ

137 2622 296 2700 ε’τόρασσον
310 2626 375 2690 τοῦς
391 2626 513 2703 ταρσοῦς
528 2631 582 2688 τῶν
594 2628 716 2697 κωπέων,
758 2634 786 2690 οἱ
804 2633 833 2691 δὲ
851 2658 940 2710 στρα-

135 2714 231 2771 τιιῦται
251 2715 278 2771 οἱ
296 2712 384 2792 ταύτῃ
411 2711 556 2776 ἀκούοντες
581 2719 669 2774 ταῦτα
690 2719 717 2777 ἔς
738 2717 834 2793 φόβον
861 2744 939 2780 κατι-

136 2799 248 2870 στέατο,
267 2799 424 2870 ἐλπίζοντες
441 2798 537 2881 πάγχυ
555 2801 736 2879 ἀπολέεσθαι,
755 2806 787 2865 έςΔ
801 2803 845 2861 οἶα
863 2811 938 2870 κακὰ

133 2886 212 2964 ἧκον·
232 2887 299 2966 πρὶν
315 2886 405 2968 γσῖρῆ
426 2887 473 2955 καὶ
491 2886 665 2947 εἰναπνεῦσαί
680 2893 774 2962 σφεας
790 2889 820 2948 ἔκ
840 2915 871 2949 τε
884 2898 937 2968 τῆς

135 2976 267 3059 ναυηγίης
292 2975 338 3036 καὶ
368 2979 419 3036 τοῦ
444 2979 578 3054 χειμῶνος
605 2977 656 3034 τοῦ
687 2975 837 3055 γενομένου
863 2984 935 3042 κατοὶ

134 3065 255 3147 Πήλιον,
281 3063 410 3140 ῦπέλαβε
436 3061 575 3142 ναυμαχίη
602 3061 729 3140 καρτερή·
772 3068 803 3123 ἐκ
829 3065 859 3124 δὲ
884 3075 935 3145 τῆς

125 3152 292 3235 ναυμαχόμς,
308 3149 420 3234 ὄμβρος
440 3177 472 3215 τε
492 3149 602 3231 λάβρος
623 3150 669 3210 καὶ
689 3149 812 3228 ῥεύματα
832 3157 936 3232 ἰσχυρὰ

111 3242 142 3302 ἐς
160 3241 328 3309 θάλασσαν
349 3243 518 3328 ὁρμημένα,
533 3240 658 3322 βρονταί
675 3263 710 3300 τε
727 3239 865 3313 σκληραὶ.
907 3240 955 3292 καλ
