2024 3450
78 105 216 170 Ill—114]
397 111 550 160 OTPANIA.
562 117 565 123 '
828 110 875 156 265

76 212 157 257 σατο,
171 187 261 267 λέγων
275 186 311 250 ὥς
324 191 347 246 εἰ
360 188 400 264 μή
417 188 541 248 δώσουσι
553 189 587 249 τό
601 190 767 267 αἰτεόμενον,
783 188 877 258 ε’πάξει

75 273 128 349 τήν
147 274 284 351 στρατιήν
299 278 354 335 τῶν
373 273 518 351 Ἑλλήνων
539 277 585 334 καὶ
608 279 778 354 πολιορκέων
806 277 877 347 ε’ξαι-

75 362 167 438 ρήσει·
189 362 279 443 λέγων
294 360 333 421 ὦν
351 366 446 432 ταῦτα,
464 364 598 443 συνέλεγε
615 364 747 443 χρήματα
765 365 878 445 μεγάλα

28 458 32 463 “
77 451 154 528 παρὰ
174 451 342 527 Καρυστίων
361 476 392 510 τε
413 451 459 509 καὶ
479 449 601 527 Παρίων
630 450 656 510 οἳ
675 451 878 529 πυνθανόμενοι

76 539 128 612 τήν
148 564 178 598 τε
193 537 314 614 Ἀνδρον
334 537 370 601 ὦς
389 538 583 614 πολιορκέοιτο
603 537 673 596 διότι
691 536 815 613 ἐμήδισε,
832 540 879 598 καὶ

76 625 274 701 Θεμιστοκλέα
289 623 324 688 ὥς
338 625 379 701 εἴη
393 631 422 684 ἐν
435 626 498 703 αἴνῃ
508 626 629 705 μεγίστῃ
639 628 694 685 τῶν
704 630 878 706 στρατηγῶν,

77 713 219 775 δείσαντες
236 715 332 781 ταῦτα,
346 714 471 788 ἔπεμπον
488 711 629 790 χρήματα.
672 713 741 771 εἰδὲ
760 713 795 790 δή
808 712 879 777 τινες

79 801 126 857 καὶ
142 798 227 858 ἄλλοι
244 799 344 859 ἔδοσαν
362 800 524 876 νησιωτέων,
545 799 594 859 οὐκ
609 802 663 879 ἔχω
677 803 771 861 εἰπεῖν·
793 802 879 861 δοκέω

79 885 111 944 δέ
123 912 199 949 τινας
212 886 258 944 καὶ
276 885 381 949 ἅλλους
397 888 498 957 δοῦναι,
512 887 559 946 καὶ
577 886 610 947 οὗ
623 887 738 951 τούτους
751 889 878 966 μούνους·

79 974 170 1034 καίτοι
184 976 375 1051 Καρυστίοισί
382 1000 414 1055 γε
425 974 503 1034 οὐδὲν
515 976 616 1036 τούτου
627 976 715 1036 εἵνεκα
728 980 779 1037 τοῦ
792 981 879 1037 κακοῦ

78 1061 228 1139 ὑπερβολή
243 1062 361 1143 ἐγένετο·
382 1062 486 1139 Πάριοι
499 1063 529 1122 δὲ
542 1065 737 1141 Θεμιστοκλέα
749 1065 879 1145 χρήμασι

80 1150 246 1228 ἱλασάμενοι
264 1150 396 1232 διέφυγον
413 1152 446 1212 τό
459 1152 629 1229 στράτευμα.
669 1155 880 1231 Θεμιστοκλέης

77 1239 131 1314 μέν
158 1266 213 1309 νυν,
242 1239 273 1308 ἐξ
293 1238 413 1317 ’Ἄνδρου
439 1239 620 1317 ὁρμεῶμενος,
648 1242 780 1320 χρήματα
803 1242 880 1318 παρά

79 1329 235 1402 νησιωτέων
248 1328 355 1386 ε’κτέετο
368 1327 460 1403 λάθρη
473 1333 528 1387 τῶν
541 1328 637 1388 ἄλλων
650 1330 824 1408 στρατηγῶν.

122 1417 159 1473 Οἱ
181 1414 204 1472 δ’
225 1412 300 1489 ἀμφὶ
322 1415 427 1490 Ξέρξεα
450 1414 612 1492 ἐπισχόντες
634 1413 733 1495 ὀλίγας
755 1415 927 1491 ήμέρας113

79 1501 151 1575 μετὰ
173 1500 226 1575 τήν
248 1503 412 1578 ναυμαχίην,
436 1500 585 1569 ἐξέλαυνον
612 1507 640 1564 ές
665 1502 803 1564 Βοιωτοιλς
828 1501 880 1577 τήν

81 1586 168 1662 αὐτήν
186 1586 260 1648 ὁδόν·
281 1589 356 1657 ἔδοξε
374 1587 490 1668 γάρκαὶ
506 1589 663 1669 Μαρδονίῳ,
677 1589 735 1666 ἅμα
748 1592 800 1665 μὲν
813 1616 880 1666 προ-

80 1674 191 1753 πέμψαι
203 1675 331 1751 βασιλέα
341 1674 400 1752 ἅμα
411 1675 440 1734 δὲ
451 1675 569 1752 α’νωρίην
579 1677 648 1736 εἶναι
655 1682 705 1737 τοῦ
714 1677 788 1740 ἔτεος
797 1681 881 1736 πολε·

80 1762 168 1839 μέειν·
188 1763 346 1842 χειμερίσαι
359 1788 389 1822 τε
403 1762 516 1839 ἄμεινον
534 1764 603 1824 εἶναι
616 1771 645 1825 έν
662 1767 820 1844 Θεσσαλίη,
834 1765 881 1824 καὶ

82 1853 177 1910 ἔπειτα
197 1850 255 1927 ἅμα
275 1854 314 1930 τῷ
334 1851 392 1927 ἔαρι
410 1852 564 1927 ’πειρᾶσθαι
581 1857 630 1928 τῆς
649 1853 879 1929 Πελοποννήσου.

83 1939 119 2002 οἷς
129 1940 158 1997 δὲ
168 1937 286 1998 α’πίκατο
300 1943 326 2001 ε’ς
339 1938 392 2013 τήν
405 1939 576 2014 Θεσσαλίην,
592 1941 710 1999 ἐνθαῦτα
723 1940 881 2016 Μαρδόνιος

83 2026 226 2108 ἐξελέγετο
240 2026 365 2104 πρώτους
382 2025 446 2106 [μὲν
465 2025 592 2107 Πέρσας]
605 2027 711 2090 πάντας
723 2028 786 2090 τούς
798 2027 881 2088 Ἀθα-

82 2114 181 2179 νάτους
193 2113 385 2192 καλεομένους,
400 2114 476 2190 πλήν
488 2114 636 2191 Ὑδάρνεος
648 2120 698 2175 τοῦ
712 2118 882 2194 στρατηγοῦ·

83 2201 176 2282 (οὗτος
188 2203 243 2285 γάρ
262 2202 311 2262 οὐκ
328 2203 382 2278 ἔφη
400 2203 551 2280 λείψεσθαι
567 2203 727 2284 βασιλέος)
754 2203 825 2280 μετά
844 2203 882 2272 δὲ,

83 2295 138 2351 τῶν
158 2290 253 2352 ἄλλων
275 2290 410 2369 Περσέων
431 2289 496 2353 τούς
521 2291 743 2368 θωρηκοφόρους,
766 2291 812 2349 καὶ
831 2290 883 2365 τήν

84 2379 170 2440 ἵππον
191 2380 243 2455 τήν
264 2381 369 2459 χιλίην·
399 2379 446 2437 καὶ
469 2378 584 2454 Μήδους
604 2404 635 2438 τε
653 2380 699 2438 καὶ
718 2378 818 2448 Σάκας,
838 2378 885 2437 καὶ

85 2467 237 2542 Βακτρίους
259 2493 289 2526 τε
310 2467 359 2524 καὶ
382 2465 494 2536 Ἰνδοιλς,
519 2466 565 2525 καὶ
587 2466 636 2526 τόν
657 2467 741 2538 πεζόν
764 2467 811 2526 καὶ
833 2467 885 2541 τήν

85 2552 181 2611 ἵππον.
216 2557 304 2612 ταῦτα
325 2555 377 2629 μὲν
401 2555 480 2614 ἔθνεα
505 2553 562 2613 όλα
588 2551 689 2613 εἵλετο·
724 2559 754 2613 ἐκ
777 2555 808 2614 δὲ
830 2557 884 2614 τῶν

84 2639 181 2699 ἄλλων
191 2638 348 2718 συμμάχων
358 2640 501 2720 ἐξελέγετο
515 2640 573 2700 κατ’
587 2641 708 2721 ὀλίγους,
722 2647 799 2717 τοῖσι
813 2640 885 2700 εἴδεά

85 2754 115 2788 τε
128 2727 238 2807 ὑπῆρχε
251 2726 387 2808 διαλέγων
401 2729 447 2784 καὶ
457 2731 481 2785 εἰ
490 2726 583 2787 τέοισί
590 2754 618 2788 τι
627 2729 753 2808 χρηστόν
763 2729 885 2789 συνείδεε

87 2817 280 2894 πεποιημένον.
311 2819 340 2874 ἐν
350 2815 536 2888 δὲ’πλεῖστον
549 2816 627 2879 ἔθνος
639 2816 756 2893 Πέρσας
768 2815 884 2893 αἱρέετο,
932 2824 935 2829 ’

86 2904 187 2981 άνδρας
199 2902 429 2980 στρεπτοφόρους
448 2929 479 2962 τε
500 2903 545 2961 καὶ
563 2902 766 2981 ψελιοφόρους·
789 2901 903 2963 ἐτὲιῖἰὶς

85 2992 209 3066 Μήδους·
228 2989 318 3072 (οὗτοι
334 2990 364 3051 δὲ
383 2992 498 3070 πλῆθος
518 2993 572 3072 μὶν
592 2990 649 3052 οὒκ
661 2977 926 3084 'emooovfdmv

73 3082 130 3136 τῶν
149 3080 289 3154 Περσέων
306 3081 393 3163 ῥώμῃ
417 3083 447 3144 δὲ
472 3081 630 3160 ἓσσονεςὴ
662 3076 747 3134 ὥστε
766 3067 963 3133 mmmm*

59 3161 215 3250 Τρίθκθγῖα
227 3170 381 3247 μυριάδας
396 3174 553 3257 γενέσθαι
570 3169 632 3230 συν
647 3160 804 3223 ἱππεῦσι.

949 3203 990 3250 *v

94 3247 145 3310 'Er
158 3251 191 3311 δὲ
204 3256 305 3340 Τούτῳ
320 3265 364 3344 Τῷ
381 3264 507 3346 Χρόνῳ,
522 3268 557 3324 ἒν
578 3263 626 3338 τῷ
642 3230 850 3324 Mupssbvtssss
861 3237 912 3292 ’τε
926 3224 975 3268 m
