2024 3450
123 109 232 174 υ-οι]
460 108 575 158 nmo.
887 111 917 156 ω
968 165 974 174 .

123 196 224 250 εαΰσαν
244 188 397 266 ἁμαρτάδα,
412 189 587 266 φιλοψυχίην
605 186 715 263 τοιήνδε
733 185 796 247 τινὰ
812 186 918 266 άναιρέ-

123 303 190 336 εται·
225 277 261 340 οἷς
291 276 400 356 φεύγων
425 301 457 334 τε
484 274 713 351 κατελαμβάνετο
739 274 793 334 ύπδ
821 273 919 352 οἷνδρὸς

122 367 247 442 Πέρσεω,
270 365 316 422 καὶ
345 362 379 426 οἷς
406 360 617 439 καταιρεόμενος
639 361 685 420 ὐπ’
707 361 792 421 αύτοΰ
817 364 919 438 ἔμελλε

122 451 408 532 συγκεντηθήσεσθαι,
423 449 552 526 Περσιδα
571 453 710 529 γλῶσσαν
729 451 821 525 μετεὶς
837 476 917 509 κατα·
992 506 1000 517 ,

121 539 221 615 μηνύει
235 538 342 607 ἑωυτδν,
358 537 393 600 ὥς
407 539 448 613 εἴη
460 536 593 599 Ἱστιαῖος
606 536 622 596 ὁ
636 535 789 611 Μιλήσιος.
820 541 855 594 Εἰ
868 539 919 613 μέν
928 540 965 596 30
985 573 989 581 -

122 652 170 699 νυν
183 625 218 689 οἷς
232 625 373 705 ἐζωγρήθη
388 622 462 702 άχθη
483 623 619 704 άγύμενος
632 622 707 698 παρά
721 624 848 698 βασιλέα
862 631 918 682 Δα-

121 716 204 788 ρεῖον,
219 712 235 771 ὁ
250 713 279 770 δὲ
294 710 349 770 οὔτ’
365 709 399 770 ἂν
416 712 499 770 ἔπαθε
521 709 606 770 κακδν
627 709 712 779 οὐδὲν,
728 710 831 768 δοκέειν
850 712 919 786 ε’μοὶ,

122 798 214 874 α’πήκέ
229 798 253 858 τ’
267 797 301 857 ἂν
320 796 392 875 αύτῷ
412 797 462 872 τήν
483 801 581 873 αἰτίην·
603 802 650 857 νῦν
667 798 697 856 δέ
712 824 760 873 μιν
781 796 869 856 αὐτῶν
889 825 920 857 τε

122 885 226 944 τούτων
248 886 345 953 εἵνεκα,
369 885 415 942 καὶ
438 885 482 943 ἵνα
505 885 544 960 μή
568 884 710 966 διαφυγιδν
735 884 810 946 αὖτις
833 888 920 966 μέγας

123 971 200 1047 παρά
220 972 341 1048 βασιλέϊ
361 973 482 1052 γένηται,
500 971 691 1048 Ἀρταφέρνης
710 999 741 1031 τε
762 972 777 1031 ὁ
796 973 919 1050 Σαρδίων

121 1059 246 1138 ὕπαρχος
259 1060 306 1118 καὶ
324 1059 453 1135 θ’λαβών
467 1059 621 1140 Ἅρπαγος,
637 1059 671 1122 ὦς
689 1059 803 1120 άπίκετο
819 1061 918 1141 α’γόμε-

121 1171 168 1208 νος
180 1152 207 1209 ἐς
222 1147 329 1224 Σάρδις,
344 1148 376 1206 τδ
390 1150 442 1224 μὲν
456 1147 540 1206 αὐτοῦ
560 1152 644 1222 σῶμα
662 1147 747 1206 αὐτοῦ
760 1148 846 1226 ταύτῃ
860 1149 919 1209 οἷνε-

122 1231 297 1309 σταύρωσον,
308 1235 358 1309 τήν
370 1236 398 1293 δὲ
409 1235 537 1309 κεφαλήν
549 1233 763 1312 ταριχεύσαντες
776 1235 920 1309 άνήνεικαν

53 1380 57 1389 ,
120 1322 197 1397 παρά
217 1323 344 1398 βασιλέα
360 1326 480 1398 Δαρεῖον
495 1327 522 1382 ές
536 1323 642 1383 Σοῦσα.
685 1326 802 1398 Δαρεῖος
820 1323 850 1378 δὲ
869 1349 919 1380 πυ-

122 1409 237 1485 θόμενος
249 1413 338 1467 ταῦτα
357 1410 403 1465 καὶ
417 1407 648 1483 ἐπαιτιησάμενος
660 1407 724 1468 τούς
736 1413 823 1465 ταῦτα
841 1409 920 1483 ποιή-

122 1520 226 1557 σαντας
250 1495 294 1553 ὅτι
318 1520 366 1569 μιν
386 1495 420 1561 ού
443 1493 546 1562 ζώοντα
568 1491 709 1571 ἀνήγαγον
734 1499 760 1555 ές
783 1492 847 1569 ὅφιν
869 1494 920 1569 τήν

123 1583 231 1648 ἑωυτοῦ,
246 1580 297 1653 τήν
312 1580 439 1653 κεφαλήν
453 1576 504 1652 τήν
516 1577 649 1637 Ἱστιαίου
662 1578 819 1641 λούσαντάς
831 1607 862 1638 τε
876 1583 921 1639 καὶ

123 1666 354 1741 περιστείλαντας
373 1665 401 1723 εὖ
424 1665 578 1724 ἐνετείλατο
600 1664 694 1741 θάψαι,
711 1664 745 1727 ὦς
763 1664 861 1741 αἷνδρδς
873 1693 920 1743 με·
950 1660 953 1664 ι

123 1752 216 1833 γάλως
238 1746 327 1830 ἑωυτῷ
347 1779 378 1811 τε
400 1752 445 1810 καὶ
464 1752 596 1830 Πέρσησι
619 1750 772 1831 εὐεργέτεω.
814 1752 849 1811 τά
870 1756 921 1829 μέν

124 1841 187 1915 περὶ
206 1839 339 1898 Ἱστιαῖον
360 1837 429 1899 οὕτω
448 1842 524 1918 ἔσχε.

163 1926 197 1985 ‘O
221 1928 250 1986 δὲ
273 1927 399 1990 ναυτικδς
423 1927 543 2006 στρατός
567 1926 583 1986 ὅ
603 1928 738 2003 Περσέων
758 1930 964 2007 χειμερίσας31

124 2015 187 2091 περὶ
203 2017 340 2090 Μίλητον,
354 2020 398 2094 τῷ,
414 2015 529 2094 δευτέρῳ
549 2016 602 2074 έτεῖ
622 2015 656 2076 οἷς
678 2015 824 2074 α’νέπλωσε
844 2017 928 2092 αἱρέει

124 2102 255 2166 εύπετέως
272 2103 322 2165 τὰς
340 2103 443 2178 νήσους
460 2104 510 2166 τάς
528 2103 598 2180 πρδς
610 2107 645 2179 τῇ
664 2101 769 2180 ήπείριρ
787 2102 919 2177 κειμένας,

124 2190 194 2249 Χίον
208 2193 253 2250 καὶ
266 2193 384 2266 Λέσβον
398 2192 444 2248 καὶ
457 2191 581 2250 Τένεδον.
623 2189 692 2251 ὅκως
706 2189 734 2246 δὲ
748 2190 837 2264 λάβοι
856 2188 919 2249 τινά

123 2283 177 2336 τῶν
190 2279 290 2353 νήσων,
306 2278 341 2340 ιύς
355 2278 474 2353 ἑκάστην
491 2278 627 2354 αἱρέοντες
648 2280 674 2334 οἱ
689 2277 835 2353 βάρβαροι
856 2282 921 2335 ε’σα-

101 2366 110 2381 “
123 2363 240 2444 γήνευον
249 2366 313 2427 τούς
326 2365 496 2440 ἀνθρώπους.
523 2364 723 2444 (σαγηνεύουσι
737 2365 766 2422 δὲ
779 2364 859 2424 τόνδε
871 2364 921 2426 τδν

123 2450 236 2527 τρόπον·
258 2452 328 2528 ἀνήρ
351 2451 449 2528 α’νδρός
471 2451 612 2530 ἁψάμενος
632 2457 681 2526 τῆς
702 2453 802 2529 χειρὸς,
822 2457 852 2511 ε’κ
873 2454 920 2512 θα·
950 2514 954 2519 ,

113 2534 237 2612 ’λύσσης
258 2543 308 2612 τῆς
328 2540 447 2615 βορηίης
469 2541 514 2597 ε’πὶ
536 2539 587 2613 τήν
606 2540 699 2614 νοτίην
720 2539 855 2614 διήκουσι,
874 2540 920 2597 καὶ

125 2624 218 2681 ἔπειτα
232 2624 277 2682 διὰ
290 2624 383 2700 πάσης
395 2630 445 2700 τῆς
459 2626 547 2700 νήσου
561 2626 716 2703 διέρχονται
730 2626 920 2701 ἐκθηρεύοντες

123 2710 188 2774 τούς
205 2711 385 2793 ἀνθρώπους.)
428 2714 519 2790 αἵρεον
537 2713 566 2770 δὲ
586 2713 631 2772 καὶ
651 2713 700 2775 τάς
720 2710 750 2772 ἓν
765 2717 800 2790 τῇ
817 2713 920 2791 η’πείρῳ
940 2756 947 2767 .

123 2798 225 2861 πόλιας
242 2798 292 2862 τάς
306 2799 396 2863 Ἰάδας
413 2801 483 2860 κατά
502 2801 537 2860 τά
558 2800 637 2859 αύτά·
658 2800 734 2874 πλήν
751 2799 800 2859 ούκ
819 2800 921 2880 ἐσαγή-

123 2911 202 2946 νευον
215 2888 280 2949 τούς
295 2886 464 2965 ἀνθρώπους·
486 2888 518 2946 ού
531 2888 586 2968 γάρ
601 2887 645 2946 οἶά
658 2885 682 2944 τ’
695 2886 739 2961 ἦν.
780 2886 919 2946 Ἐνθαῦτα
928 2889 967 2944 32

125 2975 257 3047 Περσέων
276 2979 302 3033 οἱ
325 2972 479 3058 στρατηγοὶ
500 2975 552 3034 ὀύκ
570 2973 730 3053 ἐψεύσαντο
746 2972 801 3030 τδς
816 2970 945 3023 {thsz

122 3059 170 3120 ῒᾶς
190 3065 390 3141 ἐπηπείλησαν
414 3070 496 3128 τοῖσι
512 3065 603 3124 Ἴωσι
625 3050 973 3141 στρατωπεδευορέναχσι

110 3149 222 3206 ἐναντία
240 3155 344 3226 σφίσι·
371 3157 410 3222 ὡς
422 3156 486 3240 γὰρ
501 3155 540 3232 δὴ
558 3149 773 3228 ἐπεκράτησαν
789 3128 1003 3238 «3³vast

100 3233 208 3298 παῖδάς
220 3265 254 3298 τε
267 3245 339 3309 τούς
357 3246 603 3309 εὐειδεστάτους
617 3229 831 3314 ἒκλεγὸθῑνῦδ
854 3211 1011 3276 &ww
