2024 3450
146 116 194 163 ιω
452 111 638 163 Ἤτοιουοι·
869 112 942 177 [vn.

147 194 215 262 τόξα
245 191 378 271 ἐπιχώρια
410 191 551 268 καλάμινα
582 193 690 270 ἔχοντες
720 191 766 250 καὶ
792 189 944 262 άκινάκεας,

145 279 354 356 ἐστρατεύοντο·
377 275 454 338 οὗτοι
473 281 525 355 μὲν
545 279 616 339 οὕτω
630 278 807 349 ἐσκευάδατο,
820 279 946 360 ἡγεμόνα

147 365 535 447 παρεχόμενοιἈριόμαρδον
555 365 606 426 τόν
624 366 776 443 Ἀρτυφίου
797 366 944 442 ἀδελφεόν.

145 454 292 536 Σαράγγαι
305 454 334 513 δέ
348 454 448 529 εἵματα
461 457 513 531 μὲν
521 456 693 532 βεβαμμένα
708 456 857 531 ἐνέπρεπον
870 457 945 534 έχον-

143 568 198 606 τες·
220 542 321 601 πέδιλα
343 541 373 600 δέ
395 546 422 604 ἐς
442 541 510 622 γόνυ
530 541 707 602 ἀνατείνοντα
729 541 811 620 εἰχον,
827 541 896 610 τόξα
916 543 946 601 δὲ

145 631 191 690 καὶ
210 629 313 708 αἰχμάς
333 629 470 704 Μηδικάς·
492 631 658 710 Σαραγγέων
677 630 706 688 δὲ
724 627 795 706 ἦρχε
813 631 944 704 Φερενδά-

144 744 194 795 της
216 717 235 776 ό
258 716 442 798 Μεγαβάζου.
484 717 612 780 Πάκτυες
634 718 664 775 δὲ
688 715 891 792 σισυρνοφόροι
915 743 945 775 τε

144 805 220 882 ἦσαν
234 807 280 864 καὶ
293 805 362 874 τόξα
376 805 508 884 ἐπιχώρια
523 806 598 884 εἶχον
611 805 657 863 καὶ
671 803 830 883 ἐγχειριίια.
869 804 944 861 Πάκ-

143 918 205 956 τυες
231 892 261 950 δέ
287 891 409 970 άρχοντα
434 893 601 970 παρείχοντο
625 892 778 969 Ἀρτύντην
801 893 850 951 τόν
873 891 944 951 Ἰθα-

96 982 136 1038 68
144 980 259 1056 μάτρεω.
305 977 402 1037 Οὔτιοι
424 979 453 1038 δὲ
476 980 522 1037 καὶ
543 979 637 1039 Μύκοι
658 1007 688 1040 τε
711 980 756 1037 καὶ
779 980 944 1055 Παρικάνιοι

144 1067 343 1141 ἐσκευασμένοι
367 1063 443 1140 ἦσαν
467 1066 590 1143 κατάπερ
612 1068 744 1130 Πάκτυες.
788 1066 891 1126 τούτων
915 1069 944 1126 δὲ

142 1153 230 1233 ἦρχον
252 1154 319 1213 οἶδε·
342 1152 449 1215 Ούτίων
462 1157 521 1232 νμὲν
543 1156 588 1213 καὶ
610 1155 713 1214 Μύκων
730 1154 907 1232 Ἀρσαμένης
927 1155 943 1214 ό

105 1242 273 1319 Δαρείου·
301 1242 478 1317 Παρικανίων
505 1242 535 1301 δὲ
558 1242 765 1318 Σιρομίτρης
749 1270 764 1302 ο
790 1241 943 1317 Οἰοβάζου.

95 1333 133 1389 69
144 1329 277 1407 Ἀραβιοι
298 1330 328 1390 δε
348 1329 439 1408 ζειριίς
455 1329 680 1408 ύπεζωσμένοι’
663 1356 747 1407 ησαν·
768 1330 836 1399 τόξα
849 1330 878 1388 δέ
891 1356 943 1388 πα-

90 1418 255 1479 λίντονα
272 1418 349 1497 εἰχον
361 1444 431 1495 προς
444 1418 527 1489 δεξιὰ,
541 1419 643 1495 μακρά.
686 1419 817 1481 Αἰθίοπες
831 1419 860 1477 δε
873 1445 943 1531 παρ·

140 1505 243 1569 δαλέας
255 1532 286 1566 τε
305 1508 350 1566 καὶ
371 1508 531 1571 λεοντέας’
519 1507 674 1585 εναμμένοι,
688 1506 758 1576 τόξα
771 1506 840 1566 δε’
815 1533 889 1584 ειχον
911 1512 940 1565 ἐκ

141 1594 267 1668 φοίνικος
288 1593 399 1669 σπάθης
423 1596 596 1671 πεποιημένα
619 1592 722 1671 μακρά,
748 1593 942 1670 τετραπήχεων

141 1679 191 1740 ούκ
213 1681 338 1741 ἐλάσσω·
360 1682 406 1740 ἐπὶ
427 1681 465 1752 δὲ,
489 1682 659 1759 καλαμίνους
679 1680 791 1744 ὀϊστούς
812 1680 941 1756 μακρούς·

140 1766 215 1847 (α’ντί
236 1769 266 1826 δέ
287 1769 404 1845 σιδήρου
423 1773 492 1843 ἐπῆν
510 1770 590 1833 λίθος
609 1769 673 1838 ὀξύς
693 1770 885 1844 πεποιημένος,
906 1775 943 1846 τῷ

141 1853 188 1912 καὶ
200 1854 250 1916 τοίς
260 1855 420 1935 σφρηγῖδας
429 1855 597 1936 γλύφουσι·)
610 1856 681 1932 πρός
693 1856 731 1926 δὲ,
740 1855 843 1934 αἰχμάς
857 1857 942 1936 εἰχον·

140 1942 187 2000 ἐπὶ
207 1941 245 2010 δὲ,
261 1944 341 2019 κέρας
363 1941 496 2019 δορκάδος
516 1946 586 2018 ε’πῆν
605 1942 655 2012 ὀξύ
672 1945 867 2018 πεποιημένον,
881 1943 943 2020 τρό-

139 2054 195 2089 πον
217 2029 334 2110 λόγχης·
357 2029 433 2110 εἰχον
454 2029 485 2089 ’δέ
507 2030 553 2089 καὶ
574 2030 687 2108 ῥόπαλα
705 2029 824 2088 τυλωτά·
844 2033 894 2087 τοῦ
914 2032 944 2088 δὲ

142 2117 273 2194 σώματος
293 2119 326 2178 τό
347 2121 398 2194 μὲν
417 2118 506 2196 ἥμισυ
527 2117 708 2193 ἐξηλείφοντο
721 2114 802 2196 γύψῳ
816 2114 902 2177 ἰόντες
916 2122 943 2178 ές

141 2204 244 2282 μάχην,
260 2207 292 2264 τό
307 2205 329 2264 δ’
345 2207 437 2280 ἕτερον
450 2207 538 2282 ἥμισυ
558 2206 657 2284 μίλτῳ.
697 2202 839 2280 Ἀραβίων
853 2203 882 2261 δὲ
897 2205 942 2262 καὶ

141 2291 283 2351 Αἰθιόπων
301 2295 356 2350 τῶν
376 2292 446 2368 ὑπὲρ
461 2292 604 2371 Αἰγύπτου
624 2291 774 2370 οἰκημένων
794 2289 863 2370 ἦρχε
878 2289 942 2369 Ἀρ-

141 2377 243 2454 σάμης,
258 2377 274 2436 ό
289 2380 409 2454 Δαρείου
423 2380 468 2436 καὶ
481 2377 675 2455 Ἀρτυστώνης
685 2384 736 2455 τῆς
750 2377 845 2457 Κύρου
859 2380 941 2460 θυγα-

142 2465 216 2542 τρός·
236 2464 290 2541 τήν
309 2465 437 2542 μάλιστα
458 2467 576 2544 στέρξας
595 2471 650 2527 τῶν
665 2471 801 2550 γυναικῶν
815 2472 940 2544 Δαρεῖος,

140 2551 203 2611 εἰκοί
224 2553 348 2632 χρυσέην
369 2554 555 2632 σφυρήλατον
571 2555 733 2632 ἐποιήσατο.
774 2560 830 2616 τῶν
842 2558 894 2630 μὲν
908 2555 941 2628 δή

138 2638 207 2716 ύτέρ
221 2639 365 2721 Αἰγύπτου
378 2642 519 2702 Αἰθιόπων
532 2643 579 2702 καὶ
590 2642 735 2721 Ἀραβίων
749 2643 819 2723 ἦρχε
839 2641 941 2717 Ἀρσά-

94 2725 130 2789 70
139 2752 204 2804 μης.
246 2731 284 2787 Οἳ
304 2728 334 2787 δὲ
354 2725 411 2788 α’πὸ
431 2729 514 2806 ἡλίου
532 2729 690 2792 ἀνατολέων
704 2732 842 2801 Αἰθίοπες,
858 2729 941 2807 (διξοὶ

138 2814 193 2896 γάρ
206 2813 240 2892 δὴ
251 2815 471 2898 ἐστρατεύοντο,)
486 2816 714 2898 προσετετάχατο
727 2821 804 2877 τοῖσι
817 2815 939 2887 Ἰνδοῖσι,

134 2903 361 3016 διαλλάσσρντες
380 2904 501 2968 εἰδος
467 2930 519 2983 μεν
538 2903 616 2965 ούδεν
636 2909 713 2965 τοῖσι
734 2904 863 2981 ἑτέροισι,
884 2908 940 2975 φω-

117 3012 176 3062 νην
192 2991 227 3050 ὃε
242 3020 291 3054 και
314 2994 446 3078 τρίχωμα
461 3019 580 3112 μουνον·
602 3018 629 3053 οι
648 2994 696 3071 μεν
715 3017 772 3073 γαρ
792 2991 833 3049 άπ
832 2988 941 3066 ἠλίου

98 3076 251 3147 Αἰθίοπες
270 3085 471 3170 ἰθύτριχές’
443 3113 516 3150 εισι·
538 3113 568 3148 οι
556 3084 636 3146 ’λε’
625 3109 659 3146 εκ
676 3085 729 3160 τῆς
744 3077 854 3158 Διβυηῖ
873 3074 954 3134 OQM·

42 3221 45 3224 ⁴
83 3177 184 3221 mm
205 3174 405 3285 ΤΡίΧωμαὲχ
406 3208 480 3246 ουσι
495 3205 617 3245 παντων
633 3171 806 3254 ανθρώπων.
851 3161 976 3225 ουτυιὶε

67 3241 166 3306 ⁰““
191 3280 250 3334 ⁷7⁹
277 3264 396 3352 Ασίης
420 3274 589 3349 Αἰθίοπες,
612 3297 655 3336 το,
639 3266 733 3348 μέν
754 3259 840 3323 πλέω
864 3268 982 3316 munt&
