2024 3450
146 112 177 161 ιι
455 113 636 162 Ἠτοιοτοι
901 112 946 176 [ν.

146 194 196 265 τῆς
209 189 340 269 γυναικὸς
354 189 409 247 οὐδ’
425 190 456 259 ἐξ
467 188 558 265 ἄλλης
568 191 664 252 παῖδες
679 190 809 270 ἐγίνοντο.
839 190 948 269 ἐστάλη

145 275 181 335 ὧν
201 282 227 338 ἐς
243 277 375 350 Δελφούς
392 277 455 353 περὶ
475 277 569 357 γόνου·
591 277 703 337 ἐσιόντα
722 277 751 335 δὲ
765 275 849 337 αύτδν
869 278 948 344 ἰθέως

139 363 163 439 ἦ
179 365 271 438 Πυθίη
285 364 488 444 προσαγορεύει
501 366 607 425 τοισίδε
619 370 695 425 τοῖσι
710 367 800 424 ἔπεσι·

192 478 299 536 Ἠετίων,
315 481 378 527 οὔτις
389 497 417 527 σε
429 481 473 527 τίει
485 482 614 528 πολύτιτον
626 480 702 537 ἐόντα,

192 551 278 612 Λάβδα
289 553 344 609 κύει,
358 553 420 609 τέξει
432 549 453 598 δ’
464 553 624 614 ὀλοοίτροχον·
637 553 660 598 ἐν
673 553 698 598 δέ
710 551 821 599 πεσεῖται

192 623 290 684 ἀνδράσι
299 624 463 685 μουνάρχοισι,
479 625 598 672 δικαιώσει
610 624 636 670 δέ
648 623 771 684 Κόρινθον.

141 728 229 783 ταῦτα
243 725 405 803 χρησθέντα
418 729 456 802 τῷ
469 724 595 784 Ἠετίωνι
608 722 813 804 ἐξαγγέλλεταί
824 749 876 786 κως
887 728 944 783 ταῖ-

142 837 173 870 σι
198 813 382 888 Βακχιάδῃσι,
405 814 481 870 τοῖσι
504 812 537 870 τὰ
561 814 612 887 μὲν
634 811 770 887 πρότερον
792 810 941 890 γενόμενον

72 920 75 926 ’
141 897 314 975 χρηστήριον
337 903 364 960 ἐς
388 897 527 973 Κόρινθον
545 898 580 974 ἦν
604 897 724 974 άσηριον,
748 899 836 974 φέρον
858 924 890 956 τε
916 904 944 961 ε’ς

173 979 418 1006 'xxxa’

144 1008 230 1042 τωυτο
245 1010 290 1042 και
302 1011 335 1044 το
349 1011 397 1044 του
421 986 559 1048 Ηετίωνος
573 987 619 1044 καὶ
632 986 717 1065 λέγον
731 982 792 1043 ὦδε·

191 1101 274 1148 Λίετδς
287 1103 310 1148 ἐν
322 1102 424 1164 πέτρῃσι
434 1104 491 1150 κθει·
505 1103 567 1161 τέξει
579 1104 605 1150 δέ
616 1102 703 1150 λέοντα

190 1173 309 1234 καρτερὸν,
326 1171 449 1231 ὠμηστήν·’
461 1175 559 1221 πολλῶν
570 1173 592 1220 δ’
602 1175 647 1221 ὑπὸ
659 1176 766 1234 γούνατα
777 1175 853 1221 λύσει·

189 1244 268 1290 ταῦτά
279 1261 318 1292 νυν
330 1247 356 1290 εὔ
368 1245 496 1305 φράζεσθε,
513 1245 641 1306 Κορίνθιοι,
657 1247 679 1292 οἳ
691 1246 745 1303 περί
757 1246 833 1302 καλὴν

189 1314 304 1376 Πειρήνην
317 1317 403 1382 οίκεῖτε
416 1317 455 1362 καί
468 1317 598 1377 ὀφρυόεντα
610 1317 732 1378 Κόρινθον.

138 1415 221 1470 τοῦτο
237 1413 288 1486 μὲν
302 1411 334 1486 δή
349 1415 426 1470 τοῖσι
440 1412 618 1490 Βακχιάδῃσι
637 1411 772 1491 πρότερον
790 1410 940 1492 γενόμενον

140 1496 175 1572 ἦν
196 1498 376 1575 ἀτέκμαρτον·
398 1498 461 1559 τότε
484 1499 521 1567 δέ,
541 1499 573 1558 τά
591 1499 718 1558 Ἠετίωνι
734 1498 883 1580 γενόμενον
904 1500 940 1563 ὦς

138 1587 281 1656 ἐπύθοντο,
295 1585 393 1647 αύτίκα
408 1588 453 1646 καὶ
467 1586 499 1647 τό
514 1587 649 1664 πρότερον
664 1592 787 1661 συνῆκαν
809 1586 853 1645 ἐδν
873 1613 938 1647 συν·

137 1674 206 1752 ῳδδν
224 1680 262 1752 τῷ
281 1675 436 1739 Ἠετίωνος·
459 1676 586 1738 συνέντες
602 1675 632 1733 δέ
645 1674 691 1732 καὶ
704 1678 794 1743 τοῦτο,
811 1674 886 1752 εἶχον
908 1680 937 1734 ἐν

136 1761 249 1839 ἡσυχίη,
266 1764 407 1825 ἐθέλοντες
429 1763 477 1822 τδν
498 1764 643 1838 μέλλοντα
662 1760 789 1821 Ἠετίωνι
806 1763 938 1842 γενέσθαι

135 1847 219 1927 γόνον
242 1848 407 1925 διαφθεῖραι.
452 1849 487 1912 ὦς
515 1849 537 1907 δ’
560 1851 633 1909 ἔτεκε
660 1847 679 1925 ἦ
706 1848 776 1929 γυνη
804 1848 935 1926 τάχιστα,

138 1935 282 2009 πέμπουσι
304 1937 400 2009 σφέων
422 1935 512 1994 αὐτῶν
534 1936 599 1994 δέκα
621 1941 648 1999 ἐς
669 1935 719 1996 τδν
741 1936 828 2013 δῆμον
850 1940 878 1996 ἐν
899 1945 937 2016 τῷ

136 2021 283 2097 κατοίκητο
299 2020 424 2092 Ἠετίων,
444 2021 658 2087 ἀποκτενέοντας
678 2023 711 2084 τά
733 2024 852 2083 παιδίον·
873 2022 936 2084 άπι·

136 2108 247 2185 κόμενοι
261 2109 290 2168 δὲ
304 2107 381 2169 οὗτοι
399 2115 426 2173 ἐς
441 2109 492 2183 την
507 2111 627 2186 Πέτρην,
644 2111 689 2170 καὶ
702 2112 888 2187 παρελθόντες
909 2118 936 2175 ἐς

134 2197 185 2273 την
207 2197 296 2273 αύλην
318 2201 367 2256 τοῦ
388 2197 544 2267 Ἠετίωνος,
566 2200 658 2259 αἴτεον
679 2198 712 2259 τδ
729 2199 849 2260 παιδίον·
870 2199 935 2274 ἦδέ

135 2284 247 2359 Λάβδα,
262 2284 348 2342 εἰδυῖά
361 2311 392 2344 τε
406 2284 483 2344 οὐδὲν
497 2289 551 2344 τῶν
566 2286 655 2346 είνεκα
670 2291 767 2347 ἐκεῖνοι
788 2286 935 2346 α’πικοίατο

135 2371 180 2428 καὶ
194 2370 331 2429 δοκέουσαί
345 2378 436 2447 σφεας
451 2375 667 2451 φιλοφροσύνης
687 2379 737 2433 τοῦ
758 2373 864 2451 πατρδς
882 2374 933 2434 εἴν-

135 2483 183 2515 εκα
197 2459 304 2533 αἰτέειν,
320 2460 448 2536 φέρουσα
467 2462 617 2539 ἐνεχείρισε
638 2461 728 2520 αὐτῶν
747 2463 794 2522 ἐνί·
815 2458 892 2521 τοῖσι
905 2461 934 2519 δέ

133 2543 188 2621 άρα
207 2546 397 2621 ἐβεβούλευτο
417 2547 474 2606 κατ’
489 2548 561 2620 ὁδόν,
577 2548 627 2609 τάν
647 2553 758 2624 πρῶτον
775 2547 864 2608 αὐτῶν
883 2551 934 2606 λα-
961 2590 964 2595 ,

133 2632 224 2707 βάντα
245 2632 278 2693 τά
300 2635 410 2695 παιδίον
431 2636 629 2711 προσουδίσαι·
658 2637 720 2694 ἐπεί
740 2663 771 2696 τε
795 2635 831 2696 ὧν
853 2636 934 2695 ἔδωκε
967 2681 981 2702 ψ,

134 2720 262 2796 φέρουσα
282 2719 301 2795 ἦ
320 2721 431 2797 Λάβδα,
453 2723 503 2782 τόν
524 2723 653 2798 λαβόντα
674 2729 728 2783 τῶν
749 2723 855 2801 ἀνδρῶν
874 2724 934 2802 θείη

69 2862 71 2866 .
132 2807 203 2885 τύχη
224 2809 422 2888 προσεγέλασε
442 2809 475 2869 τδ
493 2810 611 2877 παιδίον·
634 2813 679 2869 καὶ
696 2812 753 2881 τόν,
770 2812 935 2887 φρασθέντα

133 2898 224 2962 τοῦτο,
240 2895 330 2958 οἶκτός
350 2923 392 2959 τις
412 2897 488 2974 ’ίσχει
504 2897 673 2958 άποκτεῖναι·
696 2901 883 2976 κατοικτείρας
905 2899 935 2957 δὲ

133 2982 281 3059 παραδιδοῖ
299 2987 337 3061 τῷ
357 2983 480 3062 δευτέρῳ·
503 2984 518 3044 ό
541 2985 578 3055 δὲ,
593 2991 630 3064 τῷ
643 2988 734 3065 τρίτῳ·
757 2980 829 3045 οὔτω
844 2987 877 3061 δη
896 2986 934 3044 δι·

133 3070 233 3146 εξῆλθε
248 3071 291 3130 διά
305 3070 415 3131 πάντων
428 3077 482 3131 τῶν
497 3073 561 3131 δέκα
574 3073 803 3150 παραδιδόμενον,
823 3072 935 3137 ούδενδς

117 3160 305 3235 βουλομένου
319 3159 537 3242 διεργάσασθαι·
559 3160 713 3224 ἀποδόντες
733 3161 767 3219 διν
789 3161 880 3218 ὀπίσω
899 3165 938 3236 τῇ

107 3245 235 3323 Μούσῃ
259 3248 295 3309 τά
320 3250 440 3312 παιδίον
465 3253 516 3312 καὶ
541 3248 709 3321 ἐξελθόντες
732 3247 796 3316 ἕξω»
820 3245 957 3309 ἷῦῗῶῐὶἳ
