2024 3450
90 115 130 174 93,
144 113 187 178 ιι]
389 117 523 162 mmm
540 118 590 169 ιιι,
855 117 886 162 ιι

90 190 182 267 ὁρτήν,
199 189 284 267 ἤϊσαν
306 191 402 272 κόσμῳ
424 199 462 271 τῷ
483 200 626 272 καλκισιῳ
647 199 810 272 χρεώμεναι·
827 192 844 252 ὁ
864 193 888 252 δ’

88 278 257 354 ὑποστήσας
268 280 333 343 τούς
345 280 524 358 δορυφόρους,
539 280 661 340 α’πέδυσέ
681 288 773 357 σφεας
793 281 888 344 πόσος

89 365 191 441 ὁμοίως
205 367 255 429 τάς
275 367 299 427 τ’
314 369 460 444 ἐλευθέρας
481 369 526 425 καὶ
542 368 591 429 τοὶς
605 368 793 443 ἀμφιπόλους·
815 395 886 446 συμ-

89 453 220 530 φορήσας
234 455 263 512 δὲ
277 459 304 517 ἐς
318 453 434 535 ὄρυγμα,
449 457 587 532 Μελίσσῃ
609 455 790 533 ἐπευχόμενος
809 458 885 516 κατέ·
952 471 954 474 ’

89 565 158 598 καιε·
179 545 266 601 ταῦτα
280 541 311 599 δέ
323 545 350 600 οἶ
362 542 514 617 ποιήσαντι
525 543 570 600 καὶ
580 542 612 600 τὸ
627 542 751 617 δείττερον
761 544 886 619 πέμψαν·

61 678 65 684 .
87 651 115 685 τι
132 628 241 704 ἔφρασε
258 628 291 688 τδ
311 628 424 687 εἴδωλον
437 628 470 688 τό
485 631 637 704 Μελίσσης
652 634 678 690 ἐς
691 627 740 687 τόν
754 630 886 704 κατέθηκε

87 718 180 792 χώραν
193 719 243 774 τοῦ
257 716 347 784 ξείνου
360 715 411 789 τήν
424 716 667 793 παρακαταθήκην.
710 720 820 775 τοιοῦτο
834 719 886 792 μέν

89 805 151 859 ἐστι
167 801 231 877 ὖμῖν
245 801 263 877 ή
277 804 409 878 τυραννὶς,
424 803 445 862 ὦ
458 803 679 881 Λακεδαιμόνιοι,
696 804 742 862 καὶ
754 804 885 864 τοιούτων

89 888 185 966 ἔργων.
230 888 316 965 ήμέας
329 890 358 948 δὲ
368 890 431 953 τούς
440 892 603 969 Κορινθίους
617 891 680 950 τότε
694 891 791 950 αὐτίκα
806 892 885 968 θῶμα

86 977 162 1054 μέγα
176 975 240 1054 εἶχε,
255 976 300 1036 ὅτε
318 977 403 1055 ὑμέας
422 979 529 1056 εἴδομεν
551 979 815 1055 μεταπεμπομένους
827 979 882 1039 Ἱπ-

87 1063 162 1138 πίην·
184 1067 231 1124 νῦν
251 1091 282 1124 τε
304 1066 337 1141 δή
360 1067 405 1124 καὶ
426 1066 544 1142 μεζόνως
565 1066 727 1143 θωμάζομεν
749 1068 883 1147 λέγοντας

86 1155 183 1209 ταῦτα·
198 1154 440 1231 ἐπιμαρτυρόμεθά
453 1180 490 1223 τε,
503 1154 712 1231 ἐπικαλεόμενοι
726 1155 791 1231 ὑμῖν
805 1157 884 1219 θεοὺς

86 1238 149 1300 τούς
165 1239 338 1316 Ἑλληνίους,
360 1241 399 1317 μή
422 1242 585 1302 κατιστάναι
605 1242 765 1315 τυραννίδας
787 1246 814 1302 ἐς
834 1243 885 1305 τοὶς

86 1325 177 1389 πόλις·
199 1327 286 1387 οὔκων
303 1328 449 1387 παύσεσθε
470 1328 546 1387 ἀλλά
567 1327 737 1404 πειρήσεσθε
753 1328 830 1403 παρά
850 1330 883 1388 τὰ

87 1411 191 1473 δίκαιον
205 1414 370 1495 κατάγοντες
382 1414 501 1488 Ἱππίην,
516 1417 578 1472 ἴστε
595 1414 661 1488 ὑμῖν
673 1415 838 1488 Κορινθίους
850 1443 884 1494 γε

87 1498 119 1556 οὗ
140 1499 356 1568 συναινέοντας.”

129 1586 288 1658 Σωσικλέης
308 1589 358 1660 μὲν
380 1586 436 1643 ἀπι)
459 1587 599 1660 Κορίνθου
620 1586 785 1661 πρεσβεύων
806 1589 882 1657 ἔλεξε
892 1592 929 1647 93

86 1671 161 1729 τάδε.
203 1671 312 1746 Ἱππίης
325 1671 354 1729 δὲ
368 1670 451 1730 αὐτόν
467 1671 609 1747 ἀμείβετο,
624 1670 687 1735 τούς
708 1672 806 1737 αὖτοῦς
826 1679 881 1733 ἐπι-

88 1758 209 1819 καλέσας
232 1758 309 1820 θεοώς
334 1760 417 1836 κείνῳ,
442 1759 460 1834 ἦ
484 1758 540 1835 μήν
566 1757 729 1836 Κορινθίους
751 1761 880 1838 μάλιστα

87 1845 195 1904 πάντων
209 1845 390 1921 ἐπιποθήσειν
404 1841 644 1928 Πεισιστρατιδας,
661 1847 727 1909 ὅταν
740 1856 796 1926 σφι
812 1849 880 1926 ήκω-

87 1959 118 1991 σι
132 1931 232 2010 ἡμέραι
253 1936 282 1992 αἶ
300 1934 389 2011 κύριαι
411 1927 542 1994 ἀνιᾶσθαι
562 1934 606 1994 ἀπ’
621 1935 784 2012 Ἀθηναίων.
824 1938 879 1997 Ἱπ-
907 1932 929 1962 '

85 2021 148 2096 πίης
162 2024 213 2098 μὲν
230 2022 356 2081 τούτοισι
376 2022 521 2100 ἀμείψατο,
541 2024 585 2083 οἶά
602 2050 633 2084 τε
652 2025 716 2087 τους
734 2027 881 2102 χρησμούς

84 2108 272 2184 ἀτρεκέστατα
281 2109 385 2184 ἀνδρῶν
396 2111 616 2187 ἐξεπιστάμενος·
637 2115 663 2170 οἱ
677 2111 706 2169 δὲ
718 2113 813 2169 λοιποὶ
825 2117 880 2172 τῶν

84 2196 239 2275 συμμάχων
254 2197 322 2258 τέως
340 2201 391 2272 μὲν
413 2192 491 2276 εἶχον
503 2203 531 2256 ἐν
544 2197 648 2277 ἡσυχίη
665 2198 756 2273 σφέας
770 2197 877 2262 αὐτούς·

83 2285 144 2342 ἐπεί
161 2311 191 2343 τε
210 2285 239 2342 δέ
253 2285 411 2347 Σωσικλέος
429 2285 553 2360 ἥκουσαν
576 2287 701 2347 εἴπαντος
721 2287 877 2364 ἐλευθέρως,

82 2370 154 2435 ἅπας
167 2399 207 2435 τις
221 2373 310 2432 αὐτῶν
325 2373 421 2449 φωνήν
433 2374 525 2451 ῥήξας,
540 2375 647 2450 αἱρέετο
664 2379 713 2433 τοῦ
728 2377 879 2451 Κορινθίου

81 2458 132 2533 τήν
144 2459 265 2538 γνώμην·
279 2462 526 2537 Λακεδαιμονίοισί
536 2486 567 2519 τε
580 2464 823 2538 ἐπεμαρτυρέοντο,
836 2464 878 2537 μή

81 2546 184 2605 ποιέειν
194 2559 195 2562 ’
200 2547 285 2621 μηδὲν
302 2547 432 2624 νεώτερον
449 2549 513 2624 περὶ
533 2549 617 2607 πόλιν
629 2547 764 2607 Ἑλλάδα.
806 2548 878 2608 οὕτω

79 2635 131 2709 μὲν
144 2637 232 2692 ταῦτα
246 2633 384 2710 ἐπαύσθη.

119 2720 214 2798 Ἱππίῃ
234 2721 263 2778 δὲ
285 2722 408 2781 ἐνθεῦτεν
428 2724 642 2802 ἀπελαυνομένῳ
663 2724 752 2782 ἐδίδου
765 2726 816 2799 μὲν
830 2723 923 2782 ’A-94

78 2809 181 2884 μύντης
202 2809 218 2868 ὁ
237 2809 372 2869 Μακεδών
390 2809 585 2885 Ἀνθεμοῦντα,
606 2811 732 2869 ἐδιδοσαν
754 2811 782 2868 δὲ
804 2817 875 2868 Θεσ-

78 2898 164 2955 σαλοὶ
183 2897 306 2956 Ἰωλκόν.
349 2897 364 2955 ὁ
384 2898 412 2954 δὲ
433 2897 534 2956 τούτων
548 2901 600 2973 μὲν
615 2897 743 2972 οὐδέτερα
760 2897 874 2970 αἱρέετο,

77 2981 211 3061 ἀνεχώρεε
225 2986 253 3042 δὲ
268 2984 359 3043 ὀπίσω
373 2991 400 3046 ἐς
415 2987 531 3064 Σίγειον,
546 2983 579 3043 τό
597 2985 654 3041 εἶλε
668 2983 874 3056 Πεισίστρατος

76 3073 164 3147 αἰχμῇ
175 3071 251 3147 παρά
262 3072 468 3145 Μυτιληναίων·
493 3070 638 3149 κρατήσας
649 3070 683 3128 δε
695 3067 796 3129 affin&
806 3067 886 3118 Μὶ-

71 3181 164 3233 στησε
175 3157 311 3236 τύραννον
326 3159 398 3220 εἶναι
418 3160 512 3220 παῖδα
523 3159 576 3219 τὸν
592 3152 699 3216 ἓωυτοῖ)
712 3149 803 3250 νδδρυ
811 3144 917 3248 '‘JWN}

60 3241 228 3319 acb-mm,
249 3250 400 3332 γεγονότα
426 3251 458 3322 ἐξ
480 3247 629 3330 Ἀργείης
650 3254 804 3321 γυναικός·
832 3251 867 3284 ος
889 3243 951 3274 αυτ.
