2024 3450
72 96 209 159 109-111]
377 101 562 149 KAAAIOHH.
822 101 869 147 333

87 178 100 235 ὲ
124 176 177 252 τήν
202 176 347 253 Ἑλλήνων
366 182 513 258 γλῶσσαν,
534 182 715 237 ΤΕΛΕῙΟΝ·
740 176 805 238 τότε
826 178 872 236 καὶ

68 262 121 339 τήν
135 263 262 340 κεφαλὴν
280 268 388 341 σμᾶται
403 267 508 341 μοῦνον
526 265 674 340 βασιλεῦς,
692 266 738 325 καὶ
756 267 872 343 Πέρσας

69 350 208 428 δωρέεται·
228 350 331 427 ταύτην
344 351 378 427 δὴ
392 352 444 428 τήν
461 352 567 429 ἡμέρην
581 353 735 427 φυλάξασα
748 353 767 426 ἡ
780 353 871 431 Ἀμη-

69 464 157 516 στρις,
171 438 268 518 χρῄζει
281 443 331 497 τοῦ
347 439 455 516 Ξέρξεω
474 438 591 513 δοθῆναί
608 442 634 496 οἱ
650 437 703 513 τὴν
715 441 871 500 Μασίστεω
945 473 946 476 “

69 531 195 607 γυναῖκα·
217 525 232 584 ὁ
247 526 276 585 δὲ
290 525 378 585 δεινόν
390 552 422 586 τε
436 525 482 584 καὶ
496 525 632 601 ἀνάρσιον
645 526 776 597 ε’ποιέετο,
787 530 871 585 τοῦτο

68 617 121 690 μὲν
144 613 286 687 ἀδελφεοῦ
306 617 423 691 γυναῖκα
440 612 619 689 παραδοῦναι,
641 614 726 670 τοῦτο
748 612 778 669 δὲ
798 609 871 671 ἀναι-

69 703 131 775 τίην
156 703 258 757 εὀῦσαν
284 702 334 757 τοῦ
360 698 526 779 πρήγματος
546 697 657 758 τούτου·
691 701 795 773 συνῆκε
818 697 872 777 γάρ

69 791 120 846 τοῦ
134 786 234 845 εἵνεκεν
252 784 352 846 ἐδέετο.
392 787 482 848 Τέλος
497 787 602 862 μέντοι,
616 785 706 859 κείνης
722 810 753 845 τε
770 788 852 844 λιπα-
862 787 919 860 111

70 872 189 950 ρεούσης
203 872 249 930 καὶ
262 870 317 930 ῦπδ
330 875 381 931 τοῦ
397 873 484 949 νόμου
505 872 692 954 ἐξεργόμενος·
714 870 757 932 ὅτι
770 871 873 951 ἀτυχῆ-

72 986 122 1018 σαι
139 959 189 1019 τὸν
208 958 348 1038 χρῄζοντα
369 959 401 1020 ού
421 967 478 1037 σφι
499 960 613 1021 δυνατόν
634 965 696 1020 ἐστι
715 961 873 1039 βασιληίου

72 1047 182 1108 δείπνου
195 1049 386 1125 προκειμένου·
404 1049 493 1128 κάρτα
506 1049 540 1126 δὴ
554 1049 641 1111 ἀέκων
655 1049 804 1110 κατανεύει·
826 1049 872 1108 καὶ

71 1135 211 1211 παραδούς
233 1136 322 1196 ποιέει
343 1135 403 1198 ὧδε·
437 1138 490 1215 τήν
509 1140 562 1215 μὲν
585 1138 690 1197 κελεύει
713 1139 816 1198 ποιέειν
836 1136 872 1197 τά

69 1224 214 1298 βούλεται,
229 1225 245 1286 ὁ
258 1224 289 1284 δὲ
305 1225 559 1305 μεταπεμψάμενος
575 1225 625 1285 τῦν
643 1224 782 1299 ἀδελφεὰν
795 1225 873 1303 λέγει

69 1310 144 1372 τάδε·
166 1323 183 1349 “
192 1313 341 1382 Μασίστα,
353 1311 391 1372 σῦ
412 1312 451 1375 είς
467 1312 588 1388 Δαρείου
603 1336 635 1370 τε
651 1314 725 1378 παῖς,
744 1310 789 1367 καὶ
807 1308 873 1385 ε’μῦς

70 1397 218 1474 ἀδελφεός·
239 1397 310 1474 πρῦς
323 1398 345 1456 δ’
361 1400 400 1457 ἔτι
413 1398 548 1465 τούτοισι,
563 1395 608 1453 καὶ
622 1395 660 1458 είς
672 1394 742 1472 ἀνὴρ
756 1394 871 1475 ἀγαθός·

69 1485 185 1564 γυναικὶἸ
203 1483 236 1558 δή
258 1483 345 1562 ταύτῃ
368 1488 403 1562 τῇ
424 1488 473 1544 νῦν
493 1482 652 1551 συνοικέεις,
675 1481 716 1558 μὴ
737 1483 872 1542 συνοίκεε·

71 1570 149 1630 ἀλλά
161 1597 206 1630 τοι
219 1568 277 1629 ἀντ’
291 1568 375 1645 αὐτῆς
389 1569 443 1650 ε’γιῦ
461 1570 558 1645 διδωμι
572 1569 710 1648 θυγατέρα
728 1568 780 1645 την
793 1567 873 1648 ἐμήν·

70 1659 157 1737 ταύτῃ
171 1658 304 1728 συνοίκεε,
319 1655 372 1732 τήν
385 1657 414 1715 δὲ
428 1660 477 1717 νῦν
490 1658 569 1734 ἔχεις,
584 1655 615 1714 ού
630 1656 686 1737 γάρ
699 1656 787 1715 δοκέει
801 1656 872 1733 ε’μοὶ,

71 1749 111 1823 μή
134 1748 180 1824 ἔχε
200 1743 342 1826 γυναῖκα·”
363 1743 379 1803 ὁ
401 1744 430 1804 δὲ
452 1744 606 1818 Μασίστης
628 1742 817 1821 ἀποθωμάσας
837 1743 873 1803 τά

72 1833 219 1914 λεγόμενα,
233 1832 311 1913 λέγει
323 1830 399 1890 τάδε·
421 1830 468 1890 “03
488 1831 621 1900 δέσποτα,
635 1831 697 1890 τίνα
716 1857 765 1907 μοι
785 1831 874 1914 λόγον

72 1921 164 2000 λέγεις
185 1918 336 1997 ἄχρηστον,
361 1917 478 1978 κελεύων
499 1943 535 1994 με
558 1921 682 1997 γυναῖκα,
702 1923 733 1977 ε’κ
753 1923 803 1994 τῆς
825 1945 875 1994 μοι

72 2007 168 2069 παῖδες
189 2007 293 2082 νεηνίαι
313 2007 345 2064 τέ
365 2009 420 2064 εἰσι
444 2006 490 2062 καὶ
514 2004 669 2080 θυγατέρες,
691 2009 746 2065 τιῦν
767 2005 813 2063 καὶ
836 2004 873 2064 σύ

71 2095 139 2170 μίαν
151 2094 280 2174 τῷπαιδὶ
295 2097 333 2172 τῷ
350 2097 473 2153 σεωυτοῦ
491 2091 597 2173 ἠγάγεο
615 2094 740 2172 γυναῖκα,
753 2091 824 2166 αύτή
840 2091 873 2152 τέ

72 2209 121 2259 μοι
144 2182 215 2243 κατά
238 2181 303 2244 νόον
325 2179 458 2262 τυγχάνει
481 2179 570 2259 κάρτα
593 2183 688 2250 εὀῦσα,
710 2178 813 2256 ταύτην
836 2205 872 2256 με
904 2224 911 2235 .

73 2271 192 2335 κελεύεις
204 2272 330 2348 μετέντα,
345 2270 483 2350 θυγατέρα
496 2268 549 2345 τήν
562 2267 618 2344 σὴν
635 2271 741 2350 γῆμαι;
764 2268 817 2349 ε’γιῦ
834 2269 872 2338 δὲ,

72 2360 205 2434 βασιλεῦ,
229 2361 303 2441 μέγα
325 2359 378 2435 μὲν
399 2362 531 2437 ποιεῦμαι
557 2356 714 2434 ἀξιεύμενος
738 2357 875 2438 θυγατρῦς

72 2450 122 2521 τῆς
145 2452 207 2522 σῆς,
230 2445 340 2521 ποιήσω
363 2446 460 2522 μέντοι
482 2446 587 2506 τούτων
610 2444 749 2523 οὐδέτερα·
784 2445 821 2506 σύ
845 2447 880 2507 δὲ.

72 2534 205 2608 μηδαμῶς
217 2535 275 2608 βιιῦ
287 2531 453 2612 πρήγματος
465 2533 574 2594 τοιοῦδε
590 2532 727 2610 δεόμενος·
748 2533 874 2614 ἀλλάτῇ

73 2647 103 2679 τε
123 2624 163 2697 σῇ
187 2619 303 2699 θυγατρὶ
325 2618 395 2695 ἀνὴρ
417 2619 506 2684 ἀλλος
528 2619 686 2695 φανήσεται
708 2625 774 2698 ε’μεῦ
795 2621 875 2683 οῦδὲν

73 2707 179 2783 ἥσσων,
203 2707 253 2785 ε’μέ
273 2731 304 2766 τε
328 2704 359 2762 ἔα
382 2709 492 2786 γυναικὶ
509 2711 546 2785 τῇ
566 2711 619 2786 ε’μῇ
641 2710 818 2771 συνοικέειν.”
858 2710 875 2773 ὅ

72 2797 124 2872 μὲν
147 2796 181 2872 δὴ
204 2793 358 2855 τοιούτοισι
379 2792 536 2872 ἀμείβεται·
564 2796 670 2872 Ξέρξης
690 2797 720 2857 δὲ
741 2799 875 2877 θυμωθεὶς

73 2885 151 2965 λέγει
171 2884 246 2944 τάδε·
269 2893 286 2920 “
295 2879 366 2942 οὕτω
386 2907 439 2952 τοι,
462 2882 610 2952 Μασίστα,
623 2885 790 2960 πέπρηκται·
812 2884 875 2945 οὔτε

73 2970 128 3051 γάρ
153 2971 187 3032 άν
209 2999 254 3033 τοι
278 2969 350 3050 δῴην
374 2970 512 3050 θυγατέρα
531 2969 584 3046 τήν
603 2970 673 3048 ἐμὴν
691 2974 789 3050 γῆμαι,
811 2971 875 3033 οὔτε

75 3058 163 3136 ἐκείνη
180 3064 290 3121 πλεῦνα
307 3056 409 3136 χρόνον
425 3056 611 3134 συνοικήσεις·
634 3057 672 3120 οἷς
690 3057 785 3132 μάθῃς
792 3058 887 3116 πᾶλι-

72 3145 174 3221 δόμενα
200 3144 358 3208 δεκεσθαι.”
402 3146 418 3210 ῦ
443 3149 477 3210 δὶ
501 3146 538 3212 ὣς
561 3149 659 3207 ταῦτα
678 3141 808 3216 ἢκουσε,
830 3139 923 3192 ἕω

60 3231 189 3363 τηηάνξη
223 3235 334 3316 έχιύρεε
363 3237 430 3312 ἔξω·
477 3249 497 3278 “
506 3238 663 3301 δέσποτα,
689 3227 729 3288 οἷ)
754 3222 804 3294 ὶῆ
834 3217 883 3277 *⁸3³
909 3234 956 3276 μ
