2024 3450
85 109 193 172 95-98]
388 110 590 159 τοονῐκονιι.
851 106 883 159 ιν

84 188 154 264 αὕτη
166 186 220 268 γάρ
234 186 253 263 ἡ
266 186 349 251 πόλις
360 192 415 248 τῶν
428 188 549 247 λοιπέων
567 186 729 248 ἐδυνάστευε
749 183 881 266 μέγιστα·

84 276 209 336 ἔπελθῶν
230 276 260 335 δὲ
281 276 327 334 ε’πὶ
349 275 398 335 τόν
421 275 510 350 δῆμον
530 273 545 334 ό
564 273 775 356 Ἀρισταγόρης,
794 268 882 333 παότό

83 364 162 443 ἔλεγε
180 362 216 422 τά
234 364 280 422 καὶ
299 368 328 423 έν
342 366 379 442 τῇ
396 361 521 440 Σπάρτη,
535 363 599 438 περὶ
620 366 674 421 τῶν
695 361 806 441 οἶγαθῶν
825 363 881 420 τῶν

83 454 112 509 έν
134 455 170 530 τῇ
194 450 287 529 Ἀσίη,
312 451 357 509 καὶ
380 453 430 508 τοῦ
452 450 579 525 πολέμου
599 452 649 508 τοῦ
672 452 823 525 Περσικοῦ,
845 447 881 512 ῶς
944 454 945 458 ’

82 538 146 597 οὔτε
167 538 274 597 α’σπίδα
296 537 359 597 οὔτε
377 537 443 613 δόρυ
462 537 616 612 νομίζουσι,
631 534 754 599 εὐπετέες
768 562 800 595 τε
819 561 876 614 χει·

82 627 204 701 ρωθῆναι
219 627 327 700 εἴησαν.
367 628 455 683 ταῦτα
468 649 499 683 τε
513 622 546 698 δή
561 625 648 704 ἔλεγε,
663 623 709 680 καὶ
721 621 791 699 πρός
803 626 880 683 τοῖσι

80 712 155 782 τάδε,
171 713 206 776 ῶς
228 716 255 771 οἶ
273 711 415 787 Μιλήσιοι
433 715 488 771 τῶν
508 709 662 786 Ἀθηναίων
684 709 739 768 εἶσὶ
760 708 878 780 ἄποικοι,

82 800 127 856 καὶ
149 801 222 863 οἶκός
238 806 330 874 σφεας
349 800 390 874 ε’ίη
411 799 527 876 ῥύεσθαι
545 798 711 874 δυναμένους
728 797 811 877 μέγα·
832 798 879 856 καὶ

81 885 160 944 οὐδὲν
178 885 195 945 ό
212 912 239 946 τι
260 885 309 946 οόκ
328 885 472 965 ῶπίσχετο,
486 886 532 946 οἶο
553 885 640 962 κάρτα
659 884 795 962 δεόμενος·
817 884 878 948 ε’ςῶ

80 971 213 1032 α’νέπεισέ
222 981 323 1050 σφεας.
357 975 482 1038 πολλοῦς
494 974 549 1056 γάρ
564 973 622 1032 οἶκε
636 973 705 1032 εἶναι
719 972 877 1033 εὐπετέστε-

78 1086 129 1135 ρον
148 1061 315 1139 διαβάλλειν
335 1060 353 1138 ἢ
372 1063 426 1132 ἕνα,
442 1067 466 1121 εἰ
480 1063 643 1138 Κλεομένεα
661 1063 712 1138 μὲν
725 1059 775 1121 τόν
788 1068 875 1121 Λακε-

79 1147 221 1225 δαιμόνιον
240 1155 344 1227 μοῦνον
365 1150 414 1210 οόκ
438 1150 495 1213 οἶός
516 1176 547 1210 τε
569 1150 676 1229 ἐγένετο
699 1148 875 1226 διαβάλλειν,

79 1241 151 1312 τρεῖς
169 1239 198 1297 δὲ
215 1237 348 1314 μυριάδας
365 1237 517 1314 Ἀθηναίων
531 1238 647 1312 ε’ποίησε
660 1240 752 1296 τοῦτο.
793 1235 876 1312 Ἀθη-

79 1328 151 1384 ναῖοι
163 1329 215 1402 μὲν
228 1326 261 1401 δὴ
276 1325 497 1396 άναπεισθέντες,
514 1326 691 1403 ἐψηφίσαντο
712 1325 800 1382 εἴκοσι
814 1325 876 1387 νέας

79 1411 247 1472 ἀποστεῖλαι
266 1413 390 1488 βοηθοδς
402 1413 491 1481 Ἴωσι,
511 1411 670 1490 στρατηγόν
692 1409 875 1477 ἀποδέξαντες

79 1498 168 1558 αὐτῶν
182 1500 251 1558 εἶναι
264 1499 434 1567 Μελάνθιον,
449 1498 534 1574 ἄνδρα
549 1503 603 1556 τῶν
623 1497 726 1565 άσπῶν,
740 1496 820 1555 ε’όντα
840 1496 875 1556 τά

80 1583 170 1643 πάντα
190 1585 312 1660 δόκιμον.
354 1583 435 1642 αὗται
454 1585 483 1642 δὲ
502 1587 530 1641 αἱ
546 1586 603 1645 νέες
621 1583 694 1661 άρχῆ
713 1586 803 1642 κακῶν
819 1586 875 1665 ε’γέ-
947 1584 952 1621 ³

80 1695 161 1729 νοντο
175 1670 305 1746 Ἕλλησί
322 1697 352 1729 τε
373 1671 418 1728 καὶ
439 1671 627 1747 Βαρβάροισι.
948 1638 954 1704 λ

120 1755 323 1837 Ἀρισταγόρης
344 1758 373 1816 δὲ
394 1758 576 1835 προπλώσας,
598 1759 643 1817 καὶ
665 1756 830 1835 ἀπικόμενος
848 1762 922 1822 ε’ς98
959 1820 964 1826 ,

80 1844 131 1920 την
150 1846 289 1921 Μίλητον,
308 1844 423 1923 ε’ξευρῶν
441 1845 588 1923 βούλευμα
606 1845 653 1905 ἀπ’
673 1843 705 1905 οὗ
721 1844 803 1907 Ἰωσι
822 1850 875 1925 μὲν
938 1850 941 1855 ’

80 1931 194 2009 οὐδεμία
207 1934 308 2010 ἔμελλε
323 1933 430 2010 ὠφελίη
444 1934 667 2004 ἔσεσθαί-οὐδ’
677 1934 719 2013 ιῶν
733 1934 795 1994 οὐδὲ
812 1936 874 1996 ποό-

79 2047 128 2079 του
149 2023 238 2082 εἵνεκα
260 2023 358 2092 ἐποίεε,
377 2021 442 2080 ἀλλ’
455 2022 524 2084 ὅκως
542 2024 669 2098 βασιλέα
689 2027 809 2099 Δαρεῖον
826 2027 875 2083 λυ-

79 2110 335 2188 πήσειε,--έπεμψε
359 2115 386 2172 ές
411 2109 462 2185 τήν
486 2111 609 2191 Φρυγίην
630 2109 716 2185 ἄνδρα
739 2110 784 2168 ε’πὶ
809 2110 874 2173 τοῦς

80 2199 209 2268 Παίονας,
222 2196 286 2260 τοός
299 2195 356 2256 ἀπό
366 2197 525 2274 Στρυμόνος
536 2202 665 2273 ποταμοῦ
679 2196 875 2275 αἰχμαλώτους

77 2287 241 2364 γενομένους
258 2284 313 2344 ὑπό
332 2284 514 2365 Μεγαβάζου,
534 2286 672 2348 οἰκέοντας
690 2286 720 2344 δὲ
737 2289 788 2361 τῆς
803 2293 874 2363 Φρυ-

81 2374 139 2451 γίης
159 2371 251 2451 χῶρόν
270 2399 301 2433 τε
324 2373 370 2431 καὶ
391 2373 485 2449 κώμην
506 2372 548 2432 ἐπ’
571 2377 684 2434 ἑωυτῶν·
712 2374 742 2437 ὃς
764 2375 875 2436 ἐπείτε

78 2459 193 2519 άπίκετο
211 2467 238 2523 ἐς
253 2460 318 2524 ποῶς
331 2462 463 2530 Παίονας,
477 2462 557 2538 ἔλεγε
572 2461 647 2520 τάδε·
668 2473 685 2498 “
695 2461 790 2538 ἄνδρες
803 2465 874 2523 Παί·

78 2572 146 2616 ονες,
164 2548 271 2624 ἔπεμψέ
286 2574 323 2626 με
338 2547 543 2629 Ἀρισταγόρης
558 2549 574 2608 ό
593 2549 724 2625 Μιλήτου
742 2549 875 2628 τύραννος

78 2635 218 2711 σωτηρίην
233 2634 299 2711 ὑμῖν
316 2634 537 2713 όποθησόμενον,
550 2636 636 2713 ἥνπερ
649 2637 799 2714 βούλησθε
816 2641 874 2698 πεί·

78 2724 187 2781 θεσθαι·
208 2726 257 2783 νῦν
274 2722 329 2804 γάρ
344 2722 434 2800 Ἰωνίη
451 2729 532 2783 πᾶσα
551 2724 691 2800 ἀπέστηκε
712 2725 768 2786 άπό
788 2729 875 2803 βασι-

77 2811 149 2882 λέος,
164 2812 210 2870 καὶ
228 2810 293 2887 υμῖν
313 2812 430 2890 παρέχει
449 2811 590 2883 σώζεσθαι
610 2814 656 2871 ε’πὶ
674 2814 725 2889 τὴν
741 2814 875 2891 όμετέρην

77 2898 176 2959 αὐτῶν.
217 2900 302 2978 μέχρι
321 2903 373 2976 μὲν
393 2899 543 2976 θαλάσσης
564 2899 675 2961 αὐτοῖσι
695 2901 769 2977 ὑμῖν,
789 2902 823 2962 τό
845 2903 875 2961 δὲ

77 2984 132 3045 α’πό
146 2987 246 3047 τούτου
259 2987 327 3063 ἡμῖν
340 2986 393 3063 ἤδη
406 2986 552 3064 μελήσει.”
592 2992 680 3046 ταῦτα
694 2989 723 3046 δὲ
739 2987 874 3047 άκοόσαν-

76 3067 120 3136 τες
134 3078 161 3133 οἱ
174 3077 303 3147 Παίονες,
318 3075 407 3154 κάρτα
424 3102 457 3137 τε
474 3075 629 3137 ἀσπαστὸν
649 3073 829 3145 ἐποιὴσαυτο
848 3071 904 3122 κᾶν.

70 3158 267 3238 α’ναλαβόντες
288 3166 395 3233 παῖδάς
411 3193 447 3228 τε
465 3167 515 3228 καὶ
531 3167 688 3250 γυναῖκας,
705 3153 929 3222 ἆπῑδλὶῖδλῦω

61 3247 110 3305 ε’πῖ
133 3250 309 3320 θάλασσαν·
341 3261 373 3320 οἱ
397 3259 434 3320 δέ
459 3285 542 3322 τινες
564 3253 666 3315 αδτῶν
696 3245 749 3304 καλι
775 3230 960 3300 κατέμειναν
