2024 3450
172 123 220 170 ιω
476 117 659 169 Ἧυοιουου
887 118 967 183 [vn.

119 199 175 256 149
186 204 242 272 σφι
259 198 388 275 ἀποχρᾶν
405 197 474 256 καταὶ
491 197 524 256 τό
540 195 629 272 ἥμισυ
646 194 834 276 ἡγεομένοισι.
875 202 971 258 Ταῦτα

165 287 217 360 μὲν
231 286 348 364 λέγουσι
363 284 415 359 τὴν
430 284 542 360 βουλὴν
557 283 770 359 ἀποκρίνασθαι,
785 283 883 360 καίπερ
899 283 971 343 ἀπα-

164 370 328 452 γορεύοντός
347 377 404 447 σφι
423 375 473 451 τοῦ
495 372 668 449 χρηστηρίου
688 371 729 446 μὴ
750 371 897 431 ποιέεσθαι
917 372 971 446 τὴν

166 458 237 534 πρός
258 458 323 522 τούς
337 458 480 534 Ἕλληνας
504 459 676 537 συμμαχίην·
699 457 825 532 σπουδὴν
846 458 875 516 δὲ
897 459 971 537 ἔχειν

167 546 291 609 σπονδάς
309 547 442 627 γενέσθαι
460 545 699 623 τριηκοντοέτιδας
717 545 816 621 καίπερ
829 545 862 604 τό
880 573 971 623 χρησ-

165 635 262 710 τήριον
280 635 492 711 φοβεομένοισι,
509 634 553 693 ἵνα
574 632 609 707 δὴ
629 639 685 707 σφι
707 635 734 691 οἱ
754 633 849 695 παῖδες
870 633 971 710 ἀνδρω-

168 723 309 802 θέωσιέν
334 721 460 781 τούτοισι
486 723 562 780 τοῖσι
589 721 673 780 έτεσι·
705 720 745 795 μὴ
772 721 801 778 δὲ
828 721 971 781 σπονδέων

167 810 293 878 εὀυσέων,
308 809 497 889 ἐπιλέγεσθαι,
511 806 546 882 ἢν
560 806 614 883 ἀρα
631 808 723 882 σφέας
737 808 887 884 καταλάβῃ
900 810 970 885 πρός

165 901 203 974 τῷ
216 895 344 977 γεγονότι
361 900 434 975 κακῷ
453 895 526 954 ἄλλο
544 898 673 970 πταῖσμα
691 894 762 971 πρός
778 895 828 954 τόν
845 897 970 971 Πέρσην,

166 984 206 1059 μὴ
224 983 257 1043 τά
277 983 378 1042 λοιπόν
397 983 463 1042 ἔωσι
479 982 704 1058 Λακεδαιμονίων
721 981 848 1057 ὑπήκοοι·
869 984 971 1043 τῶνδὲ

166 1069 294 1150 ἀγγέλων
306 1070 371 1132 τούς
387 1068 443 1129 ἀπό
456 1074 507 1144 τῆς
524 1069 654 1145 Σπάρτης
667 1070 737 1146 πρός
753 1070 789 1129 ταὶ
804 1071 923 1144 ῥηθέντα
940 1077 972 1131 ἐκ

167 1161 217 1232 τῆς
233 1158 345 1232 βουλῆς
361 1155 536 1235 ἀμείψασθαι
551 1157 657 1216 τοῖσδε·
678 1158 741 1233 περὶ
759 1160 810 1233 μὲν
829 1159 972 1219 σπονδέων

168 1244 291 1305 ἀνοίσειν
306 1249 333 1307 ε’ς
347 1245 412 1307 τούς
425 1248 555 1322 πλεῦνας·
577 1244 641 1321 περὶ
654 1244 684 1303 δὲ
697 1245 847 1325 ἡγεμονίης
860 1245 970 1304 αὐτοῖσι

167 1332 330 1393 ἐντετάλθαι
352 1331 564 1408 ὑποκρίνασθαι,
589 1332 635 1390 καὶ
660 1331 694 1407 δὴ
721 1334 821 1412 λέγειν,
844 1332 899 1407 σφὶ
918 1335 972 1409 μὲν

168 1421 236 1480 εἶναι
250 1419 299 1480 δύο
312 1421 461 1496 βασιλέας,
472 1419 627 1501 Ἀργείοισι
640 1420 670 1478 δὲ
684 1421 740 1479 ἕνα·
759 1419 845 1479 οὔκων
856 1421 971 1483 δυνατδν

100 1504 102 1508 ’
168 1509 237 1568 εἶναι
254 1512 309 1568 τῶν
325 1513 355 1566 ε’κ
374 1508 505 1585 Σπάρτης
521 1506 665 1586 οὔδέπερον
678 1512 787 1566 παῦσαι
802 1511 852 1581 τῆς
868 1507 971 1587 ἡγεμο-

167 1598 235 1672 νίης·
256 1596 327 1674 μετὰ
341 1596 371 1654 δὲ
388 1596 437 1656 δύο
450 1601 505 1656 τῶν
518 1597 662 1673 σφετέρων
676 1594 828 1672 ὁμόψηφον
845 1593 894 1653 τὸν
907 1593 971 1671 Ἀρ-

167 1688 243 1765 γεῖον
257 1685 326 1744 εἶναι
340 1682 454 1743 κωλύειν
468 1683 556 1744 οὐδέν.
588 1684 658 1743 οὕτω
672 1682 706 1758 δὴ
721 1685 747 1741 οἱ
760 1682 885 1763 Ἀργεῖοί
896 1687 972 1756 φασι

169 1772 218 1830 οὐκ
238 1771 415 1849 ἀνασχέσθαι
435 1774 490 1831 τῶν
511 1771 705 1847 Σπαρτιητέων
725 1769 778 1846 τὴν
797 1770 971 1844 πλεονεξίην,

167 1858 233 1916 ἀλλ’
253 1858 368 1917 ἑλέσθαι
383 1862 497 1934 μᾶλλον
514 1858 569 1918 ὑπό
587 1862 642 1919 τῶν
659 1858 815 1934 βαρβάρων
833 1856 972 1933 ἄρχεσθαι

169 1943 188 2020 ’ἡ
201 1971 229 2003 τι
242 1944 351 2014 θπεῖξαι
364 1945 620 2022 Λακεδαιμονίοισι·
634 1949 777 2021 προειπεῖν
790 1971 821 2003 τε
834 1949 909 2003 τοῖσι
921 1944 971 2020 ἀγ-

166 2034 280 2114 γέλοισι
300 2034 356 2110 πρό
380 2033 475 2095 δύντος
499 2033 581 2109 ἡλίου
602 2031 846 2092 ἀπαλλάσσεσθαι
868 2037 897 2088 ἐκ
920 2037 972 2106 τῆς

168 2121 300 2203 Ἀργείων
310 2121 411 2200 χιόρης·
430 2121 493 2179 εἰδὲ
505 2120 555 2197 μὴ,
567 2119 751 2198 περιέψεσθαι
763 2116 798 2179 ὦς
808 2119 972 2191 πολεμίους.

123 2212 179 2269 150
209 2209 296 2269 Αὐτοὶ
309 2213 360 2284 μὲν
372 2208 495 2287 Ἀργεῖοι
507 2211 634 2266 τοσαῦτα
646 2205 750 2265 τούτων
763 2205 827 2280 πέρι
842 2205 971 2283 λέγουσι.

168 2298 229 2356 ἔστι
249 2297 279 2354 δὲ
299 2296 388 2357 ἀλλος
408 2294 494 2373 λόγος
514 2293 665 2375 λεγόμενος
685 2290 738 2351 α’νά
759 2291 811 2366 τὴν
833 2290 971 2364 Ἑλλάδα,

169 2383 205 2446 ἀς
218 2383 322 2459 Ξέρξης
336 2383 443 2457 έπεμψε
460 2379 564 2456 κήρυκα
579 2385 606 2443 ε’ς
618 2379 724 2460 Ἀργος
736 2380 873 2456 πρότερον
886 2378 904 2455 ἡ
918 2408 972 2458 περ

168 2470 294 2546 ὁρμῆσαι
318 2466 521 2543 στρατεύεσθαι
545 2467 590 2526 ε’πὶ
614 2466 666 2544 πὴν
687 2465 824 2527 Ἐλλάδα·
852 2468 972 2527 ἐλθόντα

169 2557 199 2616 δὲ
211 2561 310 2616 τοῦτον
320 2556 432 2635 λέγεται
446 2558 540 2614 εἰπεῖν·
559 2554 677 2632 ((ἀνδρες
689 2553 820 2636 Ἀργεῖοι,
832 2556 972 2632 βασιλεύς

168 2644 273 2721 Ξέρξης
295 2642 361 2703 τάδε
382 2641 448 2719 ἡμῖν
468 2642 554 2723 λέγει·
582 2642 662 2720 ἡμεῖς
685 2645 833 2720 νομίζομεν
856 2643 972 2718 Πέρσην

168 2731 246 2799 εἶναι,
264 2728 311 2790 ἀπ’
328 2727 360 2790 οὗ
381 2729 461 2807 ἡμεῖς
481 2729 644 2812 γεγόναμεν,
664 2733 752 2791 παῖδα
774 2731 901 2807 Περσέος
921 2739 972 2790 τοῦ

169 2817 289 2893 Δανάης,
305 2817 441 2899 γεγονότα
460 2822 490 2878 ἐκ
506 2824 556 2894 τῆς
573 2821 689 2895 Κηφέος
706 2817 843 2898 θυγατρός
859 2816 971 2891 Ἀνδρο-

162 2907 278 3018 μέδης·
283 2906 353 2966 οὕτω
371 2903 405 2967 ἀν
423 2905 459 2967 ὧν
480 2907 573 2984 ε’ίημεν
593 2906 721 3017 ἡμέτεροι
741 2903 886 2983 ἀπόγονοι·
908 2902 973 2964 οὔτε

152 3021 195 3054 ων
215 2995 308 3074 η’μέας
331 2996 409 3064 οἰκός
432 2995 480 3059 επὶ
500 3021 565 3061 τους
585 2993 736 3073 ἡμετέρους
754 2990 933 3099 προγόνους
930 2996 972 3050 ἕκ-

137 3087 423 3163 στρατευεσθαι,”
388 3115 458 3152 ουτε
474 3087 565 3169 υμέας
582 3083 708 3194 ἀλλρωι
708 3079 909 3190 upmp'toij
918 3075 986 3175 ἦθξν

121 3165 290 3246 αγτιέοους
302 3183 466 3265 γενέσθαι,
482 3178 571 3245 ἀλλὰ
570 3173 652 3293 παρ’
668 3172 740 3251 υμῖν
754 3165 873 3228 αυτάισι
884 3157 1007 3261 ἤῦῆκξλν

111 3276 250 3330 εχοντας
272 3275 494 3354 κατῆσθαι
477 3303 516 3356 ,γρ
538 3299 602 3358 W,
623 3265 694 3347 ἐμοὶ
712 3259 839 3344 γένηται
860 3270 936 3306 κατα
952 3236 1005 3296 νόω
