2024 3450
182 103 230 156 ἰιι
484 96 665 149 υιοιαουοτ
904 103 983 168 [vn.

179 183 284 263 Ἀργος
302 207 333 243 τε
351 180 488 263 ἀγγέλους
505 179 659 260 ὁμαιχμίην
676 181 902 259 συνθησομένους
915 186 987 259 πριῖς

184 270 233 330 τόν
249 271 375 346 Πέρσην·
397 270 443 328 καὶ
460 273 487 332 ές
504 269 634 345 Σικελίην
652 269 757 331 ἄλλους
772 272 891 347 πέμπειν
908 273 987 348 παρὰ

156 354 160 362 ’
185 359 298 417 Γέλωνα
305 358 354 418 τόν
365 358 552 434 Δεινομένεος,
562 359 588 421 ές
597 384 628 417 τε
637 359 790 435 Κέρκυραν,
803 358 987 423 κελεύσοντας

183 447 314 522 βοηθέειν
326 451 362 524 τῇ
374 445 502 516 Ἑλλάδι,
517 446 563 505 καὶ
577 451 603 508 ές
618 444 732 522 Κρήτην
746 446 859 509 ἅλλους·
881 449 987 524 φρονή-

184 559 284 598 σαντες
305 534 331 593 εἴ
350 561 402 597 κως
423 534 451 593 ἔν
471 559 502 593 τε
521 535 630 615 γένοιτο
650 531 684 594 τό
706 533 874 609 Ἑλληνικόν
895 536 941 594 καὶ
963 541 988 595 εἷ

186 622 378 703 συγκύψαντες
398 621 487 682 τώυτό
511 623 669 699 πρήσσοιεν
695 621 803 691 πάντες,
829 621 864 685 κός
891 623 987 683 δεινῶν

186 711 317 771 ε’πιόντων
340 710 441 786 ὁμοίως
467 712 540 768 πᾶσι
561 709 698 784 Ἕλλησι.
739 708 774 768 ταὶ
804 710 833 768 δὲ
860 711 987 775 Γέλωνος

184 798 335 879 πρήγματα
345 796 456 878 μεγάλα
468 797 580 878 έλέγετο
590 797 666 867 εἶναι,
678 796 804 873 οὐδαμῶν
813 796 987 873 Ἑλληνικῶν

184 891 239 945 τῶν
252 885 284 944 ού
298 886 409 944 πολλόν
421 884 503 960 μέζω.
1004 893 1006 897 “

139 976 195 1032 146
245 973 293 1035 Ὡς
320 973 349 1030 δὲ
375 971 462 1032 ταῦτά
490 978 546 1046 σφι
573 971 657 1041 ἔδοξε,
685 972 909 1050 καταλυσάμενοι
935 975 987 1038 τάς

185 1061 293 1137 ἔχθρας,
314 1061 411 1134 πρῶτα
430 1061 482 1135 μὲν
503 1058 697 1122 κατασκόπους
723 1060 866 1135 πέμπουσι
887 1065 914 1124 ἐς
933 1062 987 1137 τήν

185 1146 285 1222 Ἀσίην
303 1145 402 1222 ἄνδρας
418 1149 500 1221 τρεῖς·
525 1149 552 1205 οἱ
568 1146 597 1204 δὲ
612 1145 777 1223 ἀπικόμενοί
790 1173 821 1206 τε
840 1153 866 1210 ές
884 1148 987 1225 Σάρδις

184 1236 231 1294 καὶ
245 1232 450 1309 καταμαθόντες
463 1233 514 1309 τὴν
527 1234 666 1309 βασιλέος
682 1235 825 1311 στρατιήν,
840 1234 874 1298 ὥς
888 1235 986 1295 ε’πάῖσ-

184 1350 229 1384 τοι
255 1324 389 1403 ε’γένοντο,
413 1322 636 1398 βασανισθέντες
659 1322 713 1382 ύτό
740 1328 793 1381 τῶν
820 1330 986 1405 στρατηγῶν

184 1417 234 1471 τοῦ
254 1411 338 1482 πεζοῦ
358 1413 481 1486 στρατοῦ
501 1408 644 1490 ἀπήγοντο
664 1409 699 1472 ὦς
718 1409 910 1485 α’πολεῦμενον
938 1415 986 1472 καὶ

183 1503 261 1559 τοῖσι
280 1501 332 1576 μὲν
347 1498 526 1574 κατακέκριτο
546 1497 672 1561 θάνατος·
699 1499 805 1574 Ξέρξης
823 1500 852 1557 δὲ
870 1498 904 1561 ὦς
921 1501 985 1559 ε’πύ-

185 1588 249 1647 θετο
264 1590 359 1658 ταῦτα,
379 1586 518 1662 μεμφθεὶς
534 1589 590 1644 τῶν
613 1588 778 1665 στρατηγῶν
792 1585 843 1662 τήν
863 1587 983 1666 γνώμην,

185 1675 288 1752 πέμπει
301 1677 356 1733 τῶν
368 1699 443 1736 τινας
460 1672 629 1750 δορυφόρων,
644 1672 842 1749 ἐντειλάμενος,
855 1672 889 1749 ἢν
903 1700 985 1735 κατα-

185 1761 300 1838 λάβωσι
313 1761 378 1825 τούς
389 1761 582 1824 κατασκόπους
593 1761 702 1832 ζῶντας,
713 1760 790 1842 ἄγειν
800 1760 865 1838 παρ’
875 1762 984 1824 ἑωυτόν·

186 1849 222 1910 ὠς
238 1850 267 1908 δὲ
286 1851 325 1907 ἔτι
342 1847 501 1926 περιεόντας
517 1846 617 1912 αύτούς
635 1850 795 1926 κατέλαβον
812 1851 856 1908 καὶ
874 1848 944 1930 ἦγον
958 1856 986 1916 ές

186 1936 251 2013 ὄψιν
265 1936 317 2012 τήν
333 1937 478 2013 βασιλέος,
501 1937 534 1997 τό
555 1939 687 2007 ε’νθεῦτεν,
704 1937 857 2015 πυθόμενος
871 1937 912 1997 ἐπ’
926 1939 986 1998 οἶσι

185 2024 282 2100 ἦλθον,
299 2026 409 2085 ἐκέλευέ
421 2032 513 2102 σφεας
530 2025 596 2089 τούς
613 2025 785 2102 δορυφόρους
803 2025 986 2106 περιάγοντας

185 2114 389 2175 ἐπιδείκνυσθαι
402 2113 493 2173 πάντα
512 2139 543 2173 τε
563 2112 612 2173 τόν
632 2112 716 2183 πεζόν
735 2112 856 2189 στρατόν
873 2114 918 2171 καὶ
934 2114 986 2188 τήν

187 2202 280 2260 ἵππον*
314 2201 396 2260 ἐπεάν
424 2202 453 2259 δὲ
478 2205 566 2261 ταῦτα
594 2198 739 2275 θηεύμενοι
767 2201 832 2259 έωσι
858 2201 986 2276 πλήρεες,

186 2287 361 2363 ἀποπέμπειν
375 2293 402 2350 ἐς
415 2286 466 2360 τὴν
480 2285 514 2346 ἂν
528 2286 606 2346 αὐτοὶ
621 2286 740 2345 ε’θέλωσι
758 2288 851 2365 χώρην
865 2287 987 2349 ἀσινέας.

141 2376 195 2433 147
206 2373 361 2452 Ἐπιλέγων
374 2374 403 2432 δὲ
416 2373 466 2432 τόν
480 2373 567 2454 λόγον
580 2372 660 2434 τόνδε
672 2379 760 2434 ταῦτα
771 2376 938 2443 ἐνετέλλετο,
954 2374 988 2438 ὦς

188 2465 211 2518 εἰ
230 2463 281 2535 μὲν
301 2459 447 2520 άτιόλοντο
464 2464 491 2520 οἶ
508 2460 691 2533 κατάσκοποι,
707 2460 769 2522 οὔτε
786 2462 819 2522 ἂν
835 2462 871 2524 τά
888 2465 988 2521 ἑωυτοῦ

186 2547 338 2627 πρήγματα
361 2548 553 2625 προεπύθοντο
581 2552 608 2608 οἱ
630 2548 770 2628 Ἕλληνες
797 2552 877 2612 ε’όντα
900 2550 989 2629 λόγου

187 2635 267 2710 μέζω,
294 2633 349 2693 οὔτ’
377 2634 410 2694 ἄν
436 2663 464 2696 τι
490 2636 556 2701 τούς
582 2638 735 2715 πολεμίους
762 2641 836 2719 μέγα
863 2638 990 2697 ε’σινέατο

187 2719 285 2797 ἄνδρας
300 2727 373 2798 τρεῖς
391 2722 592 2787 ἀπολέσαντες·
620 2725 817 2802 νοστησάντων
837 2724 866 2782 δὲ
886 2721 990 2781 τούτων

188 2815 215 2872 ές
240 2808 291 2884 τήν
317 2808 453 2880 Ἑλλάδα,
481 2812 585 2872 δοκέειν
613 2813 691 2893 (ἔφη)
720 2811 893 2871 ἀκούσαντας
926 2806 989 2870 τούς

184 2896 329 2973 Ἓλληνας
343 2897 379 2957 τοὶ
394 2901 494 2959 έωυτοῦ
507 2898 669 2980 πρήγματα,
681 2899 737 2976 πρό
755 2902 805 2956 τοῦ
820 2897 927 2956 στόλου
940 2899 990 2953 τοῦ

175 2986 329 3064 γινομένου
349 2984 529 3069 παραδώσειν
551 2986 642 3065 σφέας
661 2987 713 3064 τήν
734 2986 803 3062 ἰδίην
824 2984 990 3061 ἐλευθερίην,

160 3075 215 3133 καί
234 3076 312 3140 οὕτω
333 3079 402 3144 ου’δὲ
421 3079 541 3162 δεήσειν
559 3077 599 3140 ἐπ’
627 3076 729 3143 αὐτούς
745 3076 1007 3156 στρατηκατἐόνταςΙ

60 3247 67 3260 Γ
148 3163 320 3244 πράγματα
345 3178 438 3260 ἔχειν.
486 3174 553 3240 οἶκε
574 3172 606 3236 δὲ
630 3169 722 3234 αὐτοῦ
744 3166 820 3244 αὕτη
836 3164 856 3241 ἦ
875 3161 977 3242 «fvx'an

136 3266 178 3320 νε
195 3250 297 3340 my·
326 3266 389 3332 εον
407 3268 477 3355 ,ορ
496 3273 532 3332 ο
551 3263 680 3348 ἰριι,
701 3261 719 3324 ι
738 3256 867 3337 apem·
880 3245 1009 3310 εἵλευ
