2024 3450
122 115 153 158 ιι
422 109 624 162 Ἧυοοοτου
876 113 927 179 [ν.

120 189 281 272 στρατηγόν
304 191 334 252 δὲ
357 192 474 251 τουτέων
497 190 614 261 ἀπέδεξε
637 191 813 273 Μεγαβάτην
836 191 929 270 ἄνδρα

121 279 238 355 Πέρσην
254 283 309 339 τῶν
326 277 548 356 Ἀχαιμενιδέων,
558 281 668 339 Ιἑωυτοῦ
686 306 717 340 τε
736 281 781 338 καὶ
802 282 929 357 Δαρείου

120 365 243 444 ἀνεψιόν·
264 370 313 425 τοῦ
334 367 498 443 Παυσανίης
518 367 534 427 ό
555 366 766 443 Κλεομβρότεω
787 368 928 428 Λακεδαι·

118 452 223 530 μόνιος,
238 459 261 513 εἰ
277 454 311 530 δὴ
326 454 434 530 ἀληθής
445 480 479 534 γε
493 456 555 514 ε’στὶ
571 454 587 514 ό
602 453 696 535 λόγος,
710 454 818 534 ύστέρῳ
830 456 928 539 χρόνῳ

118 541 223 603 τούτων
230 541 378 620 ἡρμόσατο
388 543 534 624 θυγατέρα,
543 543 630 620 ἔρωτα
638 542 717 620 σχών
724 547 774 618 τῆς
782 543 928 611 Ἑλλάδος

118 629 251 708 τύραννος
265 631 407 713 γενέσθαι.
441 630 578 700 ἀποδέξας
594 630 624 689 δὲ
642 629 820 710 Μεγαβάτην
836 657 918 709 στρα·
969 658 971 662 ·

118 720 205 800 τηγάν
227 718 427 796 Ἀρταφέρνης,
448 716 600 776 ἀπέστειλε
622 716 672 778 τόν
698 717 821 795 στρατόν
844 744 922 797 παρι

117 807 167 866 τόν
179 805 394 885 Ἀρισταγόρεα.

70 894 108 949 33
160 893 345 968 Παραλαβιδν
356 893 385 950 δὲ
398 890 414 951 ό
430 892 607 971 Μεγαβάτης
619 897 649 953 ἔκ
662 897 713 969 τῆς
727 891 859 970 Μιλήτου
872 893 924 955 τόν

117 1005 147 1037 τε
167 978 372 1059 Ἀρισταγόρεα
396 979 441 1038 καὶ
463 979 515 1055 τήν
535 980 613 1039 Ἰάδα
634 981 770 1058 στρατιὴν
790 980 836 1039 καὶ
855 981 923 1047 τούς

118 1066 249 1136 Ναξίους,
270 1068 351 1125 ἔπλεε
372 1066 519 1143 πρόφασιν
539 1067 581 1126 ἐπ’
598 1067 824 1144 Ἑλλησπόντου.
860 1073 925 1130 ε’πεί

117 1180 148 1213 τε
163 1154 192 1212 δὲ
209 1154 317 1234 ἐγένετο
331 1159 360 1214 έν
376 1155 443 1234 Χίῳ,
458 1157 526 1234 έσχε
539 1155 589 1219 τάς
601 1157 665 1219 νέας
678 1162 706 1220 ές
722 1156 870 1226 Καύκασα,
887 1158 922 1220 ὠς

118 1242 243 1301 ἐνθεῦτεν
260 1243 350 1321 βορέῃ
367 1241 458 1322 ἀνέμῳ
474 1249 502 1306 ἐς
522 1243 574 1319 τήν
592 1244 690 1313 Νάξον
708 1244 851 1320 διαβάλοι·
874 1247 922 1304 καὶ

117 1328 150 1389 ού
170 1331 226 1410 γάρ
247 1330 304 1389 ἔδεε
324 1331 412 1410 τούτῳ
432 1335 471 1411 τῷ
491 1331 587 1410 στόλῳ
608 1333 730 1402 Ναξίους
749 1331 919 1405 ἀπολέσθαι,

116 1423 234 1501 πρῆγμα
260 1417 367 1481 τοιόνδε
394 1421 562 1499 συνηνείχθη
589 1421 731 1501 γενέσθαι·
765 1420 921 1499 περιϊόντος

117 1506 294 1590 Μεγαβάτεω
316 1508 367 1573 τάς
390 1508 436 1568 ε’πὶ
459 1511 514 1569 τῶν
537 1513 605 1570 νεῶν
630 1506 766 1583 φυλακάς,
788 1510 834 1568 ε’πὶ
857 1510 920 1576 νεός

116 1598 241 1674 Μυνδίης
264 1600 343 1677 ἔτυχε
367 1597 456 1662 οὐδεὶς
480 1598 649 1674 φυλάσσων·
677 1597 692 1656 ὁ
720 1597 750 1656 δὲ
776 1597 864 1658 δεινόν
891 1626 919 1660 τι

115 1685 312 1762 ποιησάμενος,
332 1688 463 1745 ἐκέλευσε
481 1687 546 1749 τούς
566 1685 739 1761 δορυφόρους
759 1684 920 1761 ἐξευρόντας

115 1773 165 1831 τόν
178 1773 300 1849 ἄρχοντα
313 1773 415 1845 ταύτης
427 1777 479 1847 τῆς
492 1773 559 1844 νεός,
575 1777 613 1850 τῷ
628 1771 732 1846 οὔνομα
746 1771 779 1847 ἦν
794 1771 918 1845 Σκύλαξ,

116 1862 215 1916 τοῦτον
227 1858 313 1931 δῆσαι
327 1857 371 1915 διά
386 1858 525 1931 θαλαμίης
542 1857 684 1917 διελόντας
700 1863 750 1929 τῆς
762 1859 830 1926 νεός,
846 1863 918 1920 κατά

115 1947 206 2014 τοῦτο,
222 1944 272 2013 ἔξω
284 1946 336 2020 μὲν
349 1942 478 2019 κεφαλὴν
490 1947 636 2004 ποιεῦντας
652 1943 707 1998 έσω
726 1943 755 1998 δὲ
772 1942 804 1999 τό
824 1949 918 2017 σῶμα·

116 2032 241 2096 δεθέντος
255 2032 285 2092 δὲ
297 2035 347 2091 τοῦ
362 2029 515 2098 Σκύλακος,
530 2028 696 2110 ἐξαγγέλλει
709 2053 751 2090 τις
766 2031 804 2107 τῷ
822 2028 918 2106 Ἀρισ-

114 2121 222 2202 ταγόρη
238 2120 281 2181 ὅτι
300 2119 351 2180 τόν
369 2116 458 2188 ξεῖνόν
479 2120 506 2176 οἶ
525 2117 575 2177 τόν
595 2115 721 2176 Μύνδιον
741 2118 919 2198 Μεγαβάτης

116 2208 205 2284 δήσας
214 2208 386 2284 λυμαίνοιτο·
402 2204 417 2264 ό
428 2204 451 2263 δ’
460 2205 549 2265 ε’λθιόν
557 2207 721 2284 παραιτέετο
730 2207 779 2267 τόν
790 2208 915 2284 Πέρσην,

115 2294 261 2376 τυγχάνων
274 2295 304 2352 δὲ
320 2291 431 2355 οὐδενός
446 2296 501 2353 τῶν
514 2293 605 2354 ε’δέετο
619 2293 703 2356 αύτός
719 2295 807 2355 ε’λθών
822 2297 916 2356 ἔλυσε·

115 2381 271 2459 πυθόμενος
284 2381 314 2440 δὲ
327 2380 415 2458 κάρτα
428 2380 517 2443 δεινόν
533 2381 688 2459 ἐποιήσατο
702 2382 718 2442 ό
732 2384 916 2464 Μεγαβάτης,

116 2472 162 2530 καὶ
178 2470 333 2548 ἐσπέρχετο
350 2473 389 2548 τῷ
400 2468 601 2551 Ἀρισταγόρῃ·
623 2470 639 2531 ό
657 2471 687 2531 δὲ
706 2470 774 2531 εἶπε·
796 2473 870 2532 “σοὶ
887 2474 917 2535 δὲ

117 2560 162 2617 καὶ
182 2557 310 2618 τούτοισί
328 2561 405 2618 τοῖσι
424 2558 574 2641 πρήγμασι
593 2560 623 2620 τί
641 2565 719 2631 ε’στι;
742 2560 775 2620 ού
796 2564 831 2621 σέ
851 2561 917 2622 άπέ-

115 2651 212 2706 στειλε
231 2644 423 2724 Ἀρταφέρνης
441 2649 506 2724 ε’μέο
525 2649 682 2718 πείθεσθαι,
700 2648 745 2707 καὶ
763 2650 860 2710 πλέειν
880 2661 916 2730 τῇ

115 2732 149 2795 ἂν
166 2733 220 2816 ε’γιδ
241 2733 361 2805 κελεύω;
382 2737 413 2796 τί
430 2737 527 2795 πολλοὶ
547 2733 727 2813 πρήσσεις;”
747 2741 836 2797 ταῦτα
857 2739 918 2799 εἶπε

115 2821 329 2904 Ἀρισταγόρης·
350 2823 367 2883 ό
386 2824 415 2884 δὲ
432 2825 569 2901 θυμωθεὶς
587 2825 723 2896 τούτοισι,
740 2825 776 2889 ὥς
791 2825 842 2896 νύξ
860 2829 916 2908 ε’γέ-

116 2936 187 2980 νετο,
211 2912 317 2988 ἔπεμπε
340 2917 368 2976 ἐς
394 2912 491 2982 Νάξον
514 2915 605 2993 πλοίῳ
627 2912 728 2992 ἄνδρας
755 2914 919 2991 φράσοντας

67 3067 69 3072 ¹
115 3003 192 3060 τοῖσι
209 2999 345 3069 Ναξίοισι
362 3000 454 3060 πάντα
470 3000 506 3061 τά
524 3000 664 3077 παρεόντα
680 3009 736 3079 σφι
754 3003 917 3084 πράγματα·

68 3089 105 3147 34
117 3091 153 3148 Οἱ
169 3087 225 3171 γάρ
242 3086 280 3148 ὧν
300 3087 402 3158 Νάξιοι
420 3087 501 3150 ούδέν
519 3089 628 3152 πάντως
647 3092 851 3165 προσεδέκοντο
873 3092 919 3151 ε’πὶ
937 3084 944 3132 Ῐ

109 3180 207 3252 σφέας
220 3177 273 3239 τόν
284 3176 394 3239 στόλον
408 3182 508 3240 τοῦτον
521 3177 711 3258 ὁρμήσεσθαι·
735 3180 796 3236 ἐπεὶ
816 3181 863 3254 μέν
877 3207 924 3238 τοι

91 3264 244 3337 ἐπύθοντο,
262 3267 366 3330 αὔτικα
388 3272 442 3339 μὲν
460 3271 647 3331 ε’σενείκαντο
665 3267 704 3326 τὰ
722 3270 754 3323 ἒκ
771 3268 827 3322 τῶν
846 3264 938 3339 (ληρεῖν
