2024 3450
93 106 203 170 ιιι-ιο]
416 106 571 155 οοοκυικ.
847 106 895 153 253

96 184 142 244 καὶ
165 183 308 262 συνήνεικε
330 186 487 262 ποιησάσῃ·
522 183 674 261 διωκομένη
693 181 749 264 γάρ
770 181 825 242 ῦπῦ
846 186 896 257 τῆς

95 270 230 348 Ἀττικῆς,
258 274 386 350 φέρουσα
415 273 535 348 ἐνέβαλε
561 271 607 347 νηῒ
627 271 720 349 φιλίῃ,
741 269 846 347 α’νδριῦν
865 295 897 331 τε

96 361 264 420 Καλυνδέων
285 360 331 418 καὶ
352 358 437 418 αῦτοῦ
458 357 640 421 ἐπιπλέοντος
659 362 709 419 τοῦ
729 358 897 418 Καλυνδέων

95 448 235 524 βασιλέος
256 445 473 525 Δαμασιθύμου·
495 449 519 504 εἰ
538 447 591 521 μὲν
609 446 659 505 καί
673 471 700 504 τι
719 449 807 509 νεῖκος
825 446 897 525 πρός

96 534 181 596 αὐτόν
205 534 331 616 ἐγεγόνεε
353 537 393 593 ἔτι
413 533 477 610 περὶ
497 532 713 609 Ἑλλήσποντον
734 532 840 604 ἐόντων,
864 534 897 595 οῦ

95 625 192 698 μέντοι
219 624 304 702 ἔγωγε
332 621 385 700 ἔχω
413 624 507 691 εἰπεῖν,
532 621 586 681 εἴτε
613 625 643 679 ἐκ
670 623 800 697 προνοίης
828 622 898 682 αὐτά

97 711 222 784 ἐποίησε,
244 710 299 768 εἴτε
326 707 498 785 συνεκύρησε
524 708 543 784 ἡ
563 712 618 768 τῶν
639 709 806 776 Καλυνδέων
826 709 897 768 κατὰ

96 796 185 873 τύχην
207 784 415 871 παραπεσοῦσα
437 800 511 873 νηῦς·
546 797 580 860 ὦς
603 797 632 855 δὲ
656 797 775 872 ἐνέβαλέ
796 822 827 856 τε
851 799 897 856 καὶ

97 883 240 955 κατέδυσε,
263 881 374 962 εῦτυχίη
392 884 564 962 χρησαμένη,
582 884 668 942 διπλᾶ
684 883 786 959 ἑωυτῆν
804 883 897 965 άγαθᾶ
948 915 951 920 ·

99 968 249 1049 ἐργάσατο·
270 969 287 1030 ὅ
308 996 338 1043 τε
358 970 413 1052 γάρ
433 975 484 1046 τῆς
497 970 625 1046 Ἀττικῆς
646 972 710 1046 νηός
729 972 896 1052 τριήραρχος

99 1057 134 1118 ιῦς
160 1055 216 1116 εἶδέ
239 1083 288 1135 μιν
310 1057 515 1136 ἐμβάλλουσαν
539 1060 583 1134 νηὶ
606 1057 711 1135 ἀνδρῶν
730 1061 895 1138 βαρβάρων,

98 1144 216 1220 νομίσας
227 1147 279 1221 τῆν
293 1150 348 1223 νῆα
359 1147 411 1222 τῆν
423 1145 603 1224 Ἀρτεμισίης
617 1145 636 1223 ῆ
649 1146 802 1222 Ἑλληνίδα
818 1149 894 1218 εἶναι,

97 1230 113 1306 ἢ
134 1231 314 1310 αὐτομολέειν
332 1240 362 1295 ἐκ
381 1234 609 1312 τῶνβαρβάρων
629 1236 675 1293 καὶ
696 1234 816 1294 αὐτοῖσι.
827 1235 895 1312 αἱμύ-

96 1344 160 1392 νειν,
174 1319 357 1400 ἀποστρέψας
369 1321 439 1398 πρός
453 1320 544 1385 ἄλλας
557 1321 700 1398 ἐτράπετο.
740 1326 830 1382 Τοῦτο
842 1325 894 1399 μὲν
904 1327 943 1382 88

98 1411 207 1467 τοιοῦτο
224 1407 295 1486 αὐτῇ
313 1408 456 1485 συνήνεικε
473 1409 613 1490 γενέσθαι,
630 1409 788 1488 διαφυγέειν
803 1435 834 1469 τε
850 1412 896 1468 καὶ

84 1545 86 1551 .
95 1493 137 1568 μῆ
155 1493 325 1557 ἀπολέσθαι·
338 1500 421 1557 τοῦτο
439 1496 479 1566 δέ,
497 1497 606 1573 συνέβη
620 1495 692 1555 ὥστε
711 1496 796 1556 κακόν
815 1501 894 1578 ἐργα-

96 1581 231 1657 σαμένην,
255 1582 312 1645 ἀπό
332 1583 436 1644 τούτων
455 1581 544 1660 αῦτῆν
563 1583 691 1661 μάλιστα
712 1582 893 1662 εὐδοκιμῆσαι

97 1669 173 1744 παρά
186 1671 285 1750 Ξέρξη·
301 1672 415 1753 λέγεται
427 1671 482 1752 γοὶρ
495 1672 623 1749 βασιλέα
637 1669 785 1748 θηεύμενον
797 1674 897 1747 μαθεῖν

96 1756 148 1831 τῆν
162 1761 214 1833 νῆα
228 1761 424 1837 ἐμβαλοῦσαν·
443 1760 489 1818 καὶ
503 1760 538 1835 δή
550 1785 612 1819 τινα
626 1759 700 1818 εἶπαι
713 1763 767 1819 τῶν
780 1758 895 1836 παρεόνὲ

95 1870 159 1902 των·
181 1856 198 1880 “
207 1847 339 1916 δέσποτα,
355 1847 422 1926 ὁρᾷς
434 1846 623 1925 Ἀρτεμισίην,
637 1847 672 1911 ὦς
691 1846 720 1906 εῦ
737 1847 896 1928 ἀγωνίζεται

97 1931 143 1988 καὶ
153 1935 207 2007 νῆα
217 1937 271 1992 τῶν
280 1936 423 2011 πολεμίων
434 1936 567 1994 κατέδυσε
572 1934 596 2003 ;”
613 1935 658 1993 καὶ
668 1935 717 1994 τόν
728 1937 894 2012 ἐπείρεσθαι,

97 2023 121 2076 εἰ
143 2017 268 2094 α’ληθέως
289 2022 351 2080 ἐστὶ
374 2021 553 2099 Ἀρτεμισίης
575 2021 608 2080 τὸ
632 2022 730 2102 ἐργον;
763 2024 808 2079 καὶ
830 2023 896 2084 τοῦς

98 2104 185 2180 φάναι
198 2109 311 2184 σαφέως
324 2108 357 2168 τό
377 2110 516 2186 ἐπίσημον
536 2112 586 2183 τῆς
602 2108 667 2183 νηός
686 2109 894 2184 ἐπισταμένους·

96 2191 147 2268 τῆν
165 2193 195 2253 δὲ
211 2194 417 2274 διαφθαρεῖσαν
433 2196 588 2273 ἠπιστέατο
607 2195 675 2256 εἶναι
692 2196 840 2272 πολεμίην·
860 2195 896 2258 τά

95 2307 126 2340 τε
139 2281 194 2363 γάρ
208 2283 292 2359 ἅλλα,
308 2284 343 2349 ὦς
357 2287 471 2362 εἴρηται,
487 2285 558 2364 αι’ντῇ
572 2284 715 2361 συνήνεικε
728 2289 756 2348 ἐς
770 2282 896 2365 εὐτυχίην

96 2370 239 2448 γενόμενα,
251 2373 297 2431 καὶ
310 2373 343 2432 τό
357 2377 412 2432 τῶν
423 2377 453 2431 ἐκ
465 2377 516 2448 τῆς
526 2373 702 2448 Καλυνδικῆς
713 2372 778 2449 νηῦς
790 2373 896 2450 μηδένα

96 2455 279 2517 ἀποσωθέντα
298 2459 454 2539 κατήγορον
472 2461 614 2539 γενέσθαι·
649 2463 755 2538 Ξέρξην
773 2461 803 2520 δὲ
822 2462 897 2521 εἶπαι

96 2543 209 2622 λέγεται
228 2543 299 2620 πρός
316 2545 351 2604 τοὶ
370 2545 541 2622 φραζόμενα·
567 2551 620 2606 “οἶ
635 2552 687 2624 μὲν
705 2548 799 2624 ἄνδρες
814 2550 895 2630 γεγό-

97 2630 166 2688 νασί
178 2656 228 2706 μοι
248 2635 383 2711 γυναῖκες·
405 2635 434 2691 αἱ
455 2633 483 2692 δέ
503 2637 629 2715 γυναῖκες
649 2635 768 2712 ἅνδρες.”
808 2642 897 2698 ταῦτα

95 2719 148 2794 μὲν
161 2718 268 2796 Ξέρξην
281 2719 356 2795 φασὶ
369 2717 450 2779 εἶπαι.

135 2804 184 2867 Ἑν
198 2807 228 2866 δέ
241 2811 279 2888 τῷ
291 2807 367 2889 πόνῳ
379 2807 468 2888 τούτῳ
480 2805 537 2869 οἶπὸ
550 2810 602 2886 μὲν
614 2811 694 2871 ἔθανε
707 2810 723 2871 ὁ
737 2813 895 2893 στρατηγός
904 2811 941 2870 89

95 2891 279 2978 Ἀριαβίγνης
297 2896 313 2956 ό
333 2897 459 2976 Δαρείου,
480 2897 588 2975 Ξέρξεω
604 2899 654 2958 ἐιδν
670 2898 822 2972 ἀδελφεὰς,
840 2896 901 2953 άπδ

96 2982 126 3039 δὲ
153 2983 238 3045 ἄλλοι
264 2987 374 3049 πολλοί
379 3012 422 3073 ιτε
443 2987 492 3050 καὶ
517 2984 683 3068 ὀνομαστοὶ
698 2982 847 3060 Ἆεοῦὲιυν
878 2976 933 3030 m&

86 3068 199 3141 Μηθωῆ
221 3075 271 3137 καὶ
287 3080 347 3140 τῶν
361 3076 466 3144 ἄλλων
487 3079 671 3161 συμμάχων·
698 3063 979 3159 ἐὴςίηοιῖιέπιυεςι

72 3154 122 3208 usu*
138 3152 296 3234 Ἑλλήνων·
321 3167 375 3232 ἅτε
397 3171 460 3255 γάρ
485 3174 567 3235 νέειν
593 3161 820 3241 ἐπιστᾶὶωΨ
836 3158 931 3202 mm
951 3150 990 3223 ω·

87 3241 100 3254 ι
766 3239 773 3260 0
862 3228 872 3246 ³
977 3228 1001 3258 ω

59 3259 126 3360 'l'f‘ff
141 3240 369 3360 ἐξεφθεθὶθντο,
391 3262 445 3324 καὶ
466 3263 515 3343 μὴ
534 3268 572 3324 ἐν
591 3255 712 3340 χειρῶν
738 3261 835 3315 VW’?
861 3245 933 3285 ’πθ
