2024 3450
121 115 168 163 τοι
396 90 399 95 ’
429 109 612 159 Ἦνοιοτοτ
839 109 921 172 [vn.

71 189 171 250 237τὸ
190 185 296 263 παρεόν
315 188 412 263 τρῶμα
430 185 593 247 ἀνιεῦνται.”
633 185 800 264 Ἀμείβεται
813 189 924 266 Ξέρξης

119 276 223 335 τοῖσδε·
248 283 265 309 “
273 273 445 352 Ἀχαίμενες,
460 272 489 332 εὖ
509 276 542 334 τέ
560 302 610 353 μοι
630 275 731 338 δοκέεις
749 276 852 356 λέγειν,
875 280 924 338 καὶ

118 363 229 438 ποιήσω
247 366 344 422 ταῦτα.
386 361 553 439 Δημάρητος
566 363 596 422 δέ
608 363 686 443 λέγει
703 364 754 439 μὲν
767 363 803 421 τά
816 363 923 440 ἄριστα

121 453 235 512 ἔλπεται
251 448 320 511 εἶναι
336 451 405 528 ἐμοὶ,
420 449 517 531 γνώμη
532 452 627 527 μέντοι
641 455 775 510 ἑσσοῦται
789 450 844 511 ὑπό
857 458 923 512 σεῦ·

120 539 153 598 οὔ
166 539 221 621 γάρ
235 538 270 616 δή
284 537 357 599 κεῖνό
369 564 403 619 γε
417 537 567 615 ἐνδέξομαι,
583 536 651 601 ὅκως
665 537 714 598 οὐκ
730 537 831 598 εὐνοέει
844 544 923 601 τοῖσι

120 632 214 704 ἐμοῖσι
232 627 388 708 πρήγμασι,
402 627 481 685 τοῖσί
496 651 527 685 τε
543 626 723 706 λεγομένοισι
740 626 877 704 πρότερον
892 633 924 688 ἐκ

118 715 219 775 τούτου
235 713 443 791 σταθμώμενος,
457 714 554 793 καὶτῷ
568 713 648 782 ἐόντι,
663 712 706 773 ὅτι
720 713 857 790 πολιήτης
869 719 924 792 μὲν

120 801 242 882 πολιήτῃ
253 801 281 861 εὖ
291 800 451 879 πρήσσοντι
465 802 586 877 φθονέει,
601 801 646 859 καὶ
660 802 721 859 ἐστι
734 801 874 877 δυσμενής
884 807 924 883 τῇ

120 894 199 970 σιγῇ·
214 889 270 949 οὐδ’
284 887 326 959 ἂν,
337 889 604 966 συμβουλευομένου
614 891 663 949 τοῦ
675 887 772 958 ἀστοῦ,
783 888 921 966 πολιήτης

119 976 190 1054 ἀνήρ
207 977 243 1037 τά
257 976 361 1054 άριστά
379 980 405 1035 οί
426 977 556 1037 δοκέοντα
573 978 643 1037 εἶναι
658 975 816 1047 ὑποθέοιτο,
836 983 860 1037 εί
879 981 923 1055 μή

119 1063 217 1140 πρόσω
237 1063 336 1140 ἀρετῆς
356 1062 462 1140 ἀνήκοι·
484 1064 596 1124 σπάνιοι
620 1065 642 1124 δ’
664 1065 719 1124 εἰσὶ
740 1067 766 1124 οί
786 1069 922 1126 τοιοῦτοι·

119 1151 207 1221 ξεῖνος
234 1151 264 1210 δέ
291 1151 368 1232 ξείνῳ
390 1150 419 1211 εὖ
441 1152 604 1229 πρήσσοντί
629 1157 691 1212 ἐστι
719 1151 923 1230 εὐμενέστατον

119 1238 237 1310 πάντων,
256 1241 522 1316 συμβουλευομένου
537 1265 569 1299 τε
586 1239 621 1301 ἂν
639 1240 866 1317 συμβουλεύσειε
884 1243 923 1304 τά

119 1326 232 1404 άριστα·
249 1326 320 1387 οὕτω
334 1326 371 1388 ὧν
385 1329 552 1409 κακολογίης
562 1329 626 1406 πέρι
639 1333 689 1404 τῆς
703 1333 730 1391 ἐς
741 1327 922 1406 Δημάρητον,

120 1414 213 1480 ἐόντος
225 1415 287 1494 ἐμοὶ
300 1416 398 1486 ξείνου,
413 1417 531 1495 ἔχεσθαί
541 1443 603 1477 τινα
612 1421 662 1476 τοῦ
676 1420 779 1476 λοιποῦ
793 1418 923 1477 κελεύω.”

72 1505 130 1562 238
171 1508 265 1564 Ταῦτα
282 1504 360 1567 εἶπας
377 1504 482 1580 Ξέρξης
497 1504 597 1580 διεξήιε
615 1504 660 1564 διά
673 1507 728 1565 τῶν
741 1508 852 1582 νεκρῶν·
874 1508 923 1567 καὶ

118 1593 266 1662 Λεωνιδεω,
280 1592 404 1668 ἀκηκοώς
418 1592 461 1653 ὅτι
468 1593 608 1670 βασιλεύς
620 1618 651 1651 τε
663 1592 752 1669 ἦνκαὶ
762 1594 924 1675 στρατηγὸς

119 1680 350 1757 Λακεδαιμονίων,
366 1680 496 1740 ἐκέλευσε
515 1679 709 1758 ἀποταμόντας
726 1680 777 1755 τήν
791 1681 923 1757 κεφαλήν

119 1766 343 1843 ἀνασταυρῶσαι.
366 1767 439 1842 δῆλά
451 1793 501 1844 μοι
517 1772 655 1827 πολλοῖσι
671 1769 722 1845 μὲν
740 1769 786 1826 καὶ
802 1766 922 1829 ἀλλοισι

118 1854 303 1930 τεκμηρίοισι,
317 1858 346 1912 ἐν
359 1853 389 1912 δὲ
402 1853 493 1929 δήκαὶ
505 1855 573 1934 τῷδε
587 1854 636 1915 οάκ
644 1854 747 1931 ἥκιστα
759 1855 866 1935 γέγονε,
877 1855 923 1918 ὅτι

116 1940 259 2018 βασιλεύς
267 1941 373 2018 Ξέρξης
380 1940 490 2003 πάντων
498 1943 532 2018 δή
542 1942 670 2020 μάλιστα
678 1942 783 2020 ἀνδρῶν
792 1943 924 2021 ἐθυμώθη

119 2027 216 2098 ζώοντι
228 2029 360 2109 Λεωνίδη·
382 2028 415 2090 οὖ
428 2031 484 2111 γάρ
497 2029 531 2091 ἅν
545 2057 608 2092 κοτε
622 2036 649 2094 ἐς
661 2030 711 2090 τάν
723 2028 820 2107 νεκράν
830 2035 925 2090 ταῦτα

118 2117 306 2196 παρενόμησε·
329 2119 388 2177 ἐπεὶ
400 2124 485 2196 τιμάν
497 2119 624 2195 μάλιστα
643 2119 788 2196 νομίζουσι
801 2121 856 2178 τῶν
867 2116 924 2200 ἐγώ

119 2204 181 2263 οἶδα
198 2204 348 2283 ἀνθρώπων
362 2207 473 2282 Πέρσαι
487 2206 586 2283 ἄνδρας
602 2205 724 2287 άγοιθοῦς
736 2204 771 2265 τά
785 2204 923 2282 πόλεμια.

119 2293 145 2348 οἱ
157 2295 210 2367 μὲν
223 2292 257 2366 δή
271 2297 358 2352 ταῦτα
369 2294 477 2352 ἐποίευν
490 2297 566 2352 τοῖσι
581 2296 745 2354 ἐπετέτακτο
758 2294 869 2353 ποιέειν.

70 2377 128 2435 239
166 2375 277 2453 Ἀνειμι
290 2377 320 2436 δέ
333 2382 423 2437 ἐκεῖσε
440 2382 490 2439 τοῦ
509 2377 605 2460 λόγου,
619 2384 655 2459 τῇ
669 2408 719 2458 μοι
736 2382 769 2441 τό
785 2380 924 2458 πρότερον

120 2463 239 2533 ἐξέλιπε.
296 2463 430 2525 ἐπύθοντο
460 2467 675 2545 Λακεδαιμόνιοι
706 2467 750 2530 ὅτι
779 2468 924 2544 βασιλεῦς

118 2552 270 2611 στέλλοιτο
291 2553 337 2611 ἐπὶ
356 2552 408 2629 τήν
425 2553 559 2625 Ἑλλάδα,
581 2558 696 2633 πρῶτοι·
727 2557 773 2614 καὶ
795 2555 866 2615 οὕτω
886 2557 923 2632 δή

119 2641 146 2699 ἐς
158 2636 191 2697 τά
204 2639 377 2717 χρηστήριον
389 2640 422 2701 τό
437 2645 464 2705 ἐς
478 2641 611 2718 Δελφοῦς
620 2643 797 2723 ἀπέπεμψαν,
809 2643 876 2702 ἔνθα
886 2642 924 2720 δή

118 2732 174 2800 σφι
193 2726 320 2804 ἐχρήσθη
332 2727 368 2788 τά
382 2727 469 2809 ὀλίγῳ
482 2729 619 2808 πρότερον
632 2730 719 2792 εἶπον·
740 2730 877 2789 ἐπύθοντο
891 2730 924 2792 δὲ

116 2811 211 2892 τρόπῳ
220 2814 361 2894 θωμασίῳ·
376 2816 544 2894 Δημάρητος
553 2816 608 2897 γάρ
619 2816 812 2900 όΤΑρίστωνος
821 2818 923 2896 φυγῶν

119 2905 147 2965 ἐς
159 2901 282 2980 Μήδους,
297 2902 332 2967 ώς
344 2906 396 2980 μέν
410 2902 464 2984 ἐγώ
477 2902 562 2962 δοκέω
575 2904 621 2963 καὶ
633 2903 666 2964 τά
680 2903 754 2967 οἰκός
767 2903 829 2979 ἐμοὶ
848 2929 923 2982 συμ-

99 2992 239 3073 ριαζγεται,
256 2991 308 3056 ου’κ
322 2992 357 3075 ἦν
371 2991 466 3059 εὔνοος
480 2991 733 3070 Λακεδαιμονίοισι·
754 2989 877 3064 πάρεστι
893 2995 927 3051 δὲ

94 3083 233 3164 εἰκάζειν,
257 3088 317 3152 εἴτε
339 3087 437 3174 εὔνοίη
457 3088 553 3150 ταῦτα
574 3081 695 3158 ἐποίησε
715 3079 773 3137 ε”ιτε
792 3075 960 3176 καλίειιτῳ-Χ

73 3175 211 3252 Χαίίθων·
237 3185 307 3248 ἐπεί
324 3213 356 3249 τε
374 3183 438 3272 γάρ
456 3178 560 3262 ’Ξέρξη
578 3173 660 3245 ἔδοξε
674 3167 901 3267 σῒθπηλζωὶεω
918 3177 970 3240 Ψ

66 3258 134 3344 7²2⁹
159 3266 320 3359 Ἑλλάδα,
346 3278 409 3346 ἐών
435 3283 468 3344 ἐν
495 3258 697 3343 mom&
729 3261 910 3328 ww
936 3253 970 3287 *⁰
