2024 3450
131 118 175 164 ιοι
433 112 616 160 ἫΡοΔουου
868 109 929 175 [v1.

128 193 308 270 Καλλίμαχε,
325 192 386 250 έστι
404 187 421 265 ἦ
439 189 652 248 καταδουλῶσαι
667 187 797 265 Ἀθήνας,
816 188 835 264 ἢ
856 194 932 248 έλευ-

128 282 210 358 θέρος
223 279 381 355 ποιήσαντα
394 277 560 354 μνημόσυνα
570 277 705 336 λιπέσθαι
719 282 746 338 ἐς
759 276 808 336 τόν
823 276 934 336 ἅπαντα

128 368 278 446 ἀνθρώπων
294 367 368 442 βίον,
387 366 433 425 οἶα
452 365 514 424 οὐδὲ
530 364 678 442 Ἁρμόδιός
694 390 725 423 τε
745 366 790 422 καὶ
803 364 934 440 Ἀριστο·

128 458 226 538 γείτων
236 456 377 515 λείπουσι·
392 458 441 514 νῦν
449 453 504 534 γάρ
516 451 558 527 δή,
571 452 601 522 ἐξ
610 449 641 511 οὗ
654 452 781 532 ε’γένοντο
788 451 934 528 Ἀθηναῖοι

130 549 157 608 ἒς
179 545 303 604 κίνδυνον
324 541 425 619 ἥκουσι
446 542 592 622 μέγιστον’·
622 540 668 598 καὶ
686 538 721 615 ἢν
741 541 793 616 μέν
814 567 847 622 γε
866 541 934 600 ὑπο-

130 632 239 710 κύψωσι
252 637 329 692 τοῖσι
343 630 477 706 Μήδοισι,
493 629 619 688 δέδοκται
631 627 667 687 τά
684 628 831 688 πείσονται
845 656 934 708 παρα-

131 721 272 797 δεδομένοι
289 718 395 795 Ἱππίη·
416 716 451 793 ἢν
470 717 499 775 δὲ
515 717 693 797 περιγένηται
712 715 781 792 αὕτη
802 717 821 792 ἦ
841 718 934 790 πόλις,

77 833 80 838 ·
130 809 175 883 οἵη
188 809 220 868 τέ
233 814 294 867 ε’στι
306 805 402 882 πράπη
414 809 471 864 τῶν
483 803 654 879 Ἑλληνίδων
667 805 775 863 πολίων
792 808 934 886 γενέσθαι.

131 900 184 958 κῶς
197 895 234 955 ὦν
248 894 383 971 δήτοῦτο
397 893 443 952 οἶά
455 893 488 952 τέ
501 897 561 951 ε’στι
580 893 719 973 γενέσθαι,
735 893 780 951 καὶ
795 899 846 957 κῶς
860 901 888 958 ἐς
901 898 938 955 σε’

130 1009 158 1043 τι
171 982 276 1042 τούτων
288 981 383 1056 άνήκει
396 985 451 1040 τῶν
464 979 634 1060 πρηγμάτων
649 979 683 1039 τό
697 984 778 1057 κῦρος
792 983 872 1061 ἔχειν,
888 988 936 1043 νῦν

59 1136 63 1141 .
131 1072 248 1148 ἔρχομαι
260 1068 390 1146 φράσων·
403 1068 496 1146 ἦμέων
509 1072 563 1127 τῶν
577 1074 743 1149 στρατηγῶν
757 1069 856 1130 ἐόντων
871 1071 937 1129 δέκα

132 1158 197 1237 δίχα
217 1158 341 1239 γίνονται
359 1160 388 1215 αἶ
404 1161 520 1238 γνῶμαι·
541 1159 597 1216 τῶν
611 1159 665 1232 μὲν
684 1157 851 1218 κελευόντων
865 1185 936 1236 συμ-

131 1247 256 1322 βαλέειν,
280 1249 336 1305 τῶν
357 1246 386 1304 δὲ
407 1244 441 1303 οὗ
460 1243 675 1327 [συμβαλέειν]·
701 1244 736 1321 ἦν
755 1247 807 1323 μέν
827 1273 875 1306 νυν
895 1248 936 1324 μή

133 1335 335 1411 συμβάλωμεν,
351 1333 476 1410 ἔλπομαί
493 1358 555 1393 τινα
580 1332 685 1393 στάσιν
705 1333 836 1415 μεγάλην
854 1339 937 1411 ἐμπε-

132 1427 243 1482 σοῦσαν
259 1423 413 1481 διασείσειν
436 1420 471 1479 τά
492 1419 649 1496 Ἀθηναίων
667 1421 842 1499 φρονήματα,
864 1423 938 1483 ὥστε

132 1510 259 1587 μηδίσαι·
288 1508 323 1586 ἢν
344 1510 374 1568 δὲ
401 1508 598 1586 συμβάλωμεν
619 1509 685 1586 πρίν
705 1535 733 1569 τι
757 1511 803 1568 καὶ
829 1512 938 1588 σαθρόν

132 1597 285 1674 Ἀθηναίων
306 1597 510 1675 μετεξετέροισι
538 1597 709 1678 ἐγγενέσθαι,
732 1599 802 1657 θεῶν
828 1600 862 1658 τά
885 1599 938 1659 ἶσα

133 1687 279 1764 νεμόντων,
301 1688 358 1746 οἶοί
375 1711 406 1746 τε
427 1687 502 1763 είμέν
522 1686 718 1767 περιγενέσθαι
734 1689 770 1764 τῇ
788 1689 937 1767 συμβολῇ.

133 1779 221 1834 ταῦτα
235 1775 272 1834 ὦν
284 1775 375 1835 πάντα
389 1779 416 1837 ἐς
429 1777 465 1833 σὲ
478 1778 527 1834 νῦν
539 1775 629 1843 τείνει,
644 1773 689 1832 καὶ
703 1779 734 1832 ἐκ
747 1775 797 1833 σέο
811 1773 937 1852 άρτηται.

133 1859 168 1936 ἢν
180 1862 235 1942 γοὶρ
256 1863 293 1920 σι)
305 1861 402 1942 γνώμῃ
415 1865 452 1941 τῇ
462 1865 516 1940 ε’μῇ
529 1862 651 1941 προσθῇ,
667 1862 727 1922 ἔστι
739 1888 783 1921 τοι
796 1865 895 1941 πατρίς
906 1890 938 1923 τε

135 1950 268 2026 ἐλευθέρη
283 1950 329 2008 καὶ
342 1949 426 2012 πόλις
441 1950 537 2026 πρότη
550 1953 605 2009 τῶν
619 1955 648 2009 ε’ν
659 1953 696 2027 τῇ
713 1948 840 2010 Ἑλλάδι·
861 1950 895 2027 ἢν
909 1952 939 2011 δὲ

134 2036 186 2112 τὴν
198 2041 254 2097 τῶν
270 2036 504 2098 ἀποσπευδόντων
517 2037 570 2113 τὴν
582 2038 736 2114 συμβολήν
750 2039 808 2117 ἕλῃ,
823 2038 939 2116 ὑπάρξει

93 2127 147 2185 110
159 2152 203 2186 τοι
221 2131 275 2186 τῶν
288 2128 343 2207 ε’γῶ
357 2126 492 2196 κατέλεξα
506 2125 619 2208 α’γαθῶν
632 2126 667 2186 τοὶ
681 2125 815 2187 ε’ναντία.”
845 2133 939 2188 Ταῦτα

137 2214 227 2294 λέγων
249 2210 265 2272 ό
288 2214 446 2290 Μιλτιάδης
469 2219 645 2290 προσκτᾶται
668 2214 717 2274 τόν
739 2216 938 2295 Καλλίμαχον·

138 2302 365 2379 προσγενομένης
396 2301 425 2359 δὲ
455 2305 507 2360 τοῦ
533 2301 716 2380 πολεμάρχου
742 2307 792 2380 τῆς
818 2303 938 2385 γνώμης,

135 2385 285 2471 ε’κεκύρωτο
301 2387 494 2464 συμβάλλειν·
522 2389 593 2465 μετά
613 2390 650 2459 δὲ,
666 2395 691 2450 οἶ
710 2393 866 2474 στρατηγοὶ
885 2395 940 2452 τῶν

135 2472 263 2554 ἦγνώμη
278 2476 359 2551 ἔφερε
378 2475 569 2552 συμβάλλειν,
586 2477 620 2540 αἷς
639 2479 758 2538 ἑκάστου
778 2479 868 2542 αὐτῶν
886 2481 940 2561 ε’γί-

136 2587 199 2621 νετο
215 2563 369 2639 πρυτανηίη
387 2568 438 2640 τῆς
455 2563 569 2642 ἡμέρης,
591 2567 743 2646 Μιλτιάδη·
753 2569 941 2645 παρεδιδοσαν

136 2648 197 2708 όδέ
210 2649 355 2728 δεκόμενος
375 2652 434 2712 οὔτι
449 2679 486 2711 κω
505 2653 661 2730 συμβολήν
679 2657 810 2726 ε’ποιέετο,
825 2657 891 2732 πρίν
908 2681 942 2738 γε

137 2737 171 2813 δὴ
186 2736 272 2796 αὐτοῦ
286 2741 439 2815 πρυτανηίη
454 2741 572 2820 ἐγένετο.

92 2828 145 2884 111
190 2824 239 2888 Ὡς
252 2825 281 2884 δὲ
295 2831 322 2888 ές
336 2830 439 2887 ἐκεῖνον
451 2830 596 2905 περιῆλθε,
608 2831 726 2890 ένθαῦτα
739 2830 773 2907 δή
785 2831 942 2892 ἐτάσσοντο
995 2901 998 2908 Ι

138 2913 190 2975 ὧδε
215 2914 360 2992 Ἀθηναῖοι
387 2914 422 2978 οἷς
449 2918 670 2994 συμβαλέοντες·
701 2923 752 2979 τοῦ
772 2922 826 2997 μὲν
852 2920 943 2991 δεξιοῦ

129 3006 228 3080 κερεος
254 3005 392 3089 ἠγέετοὸ
416 3007 597 3086 πολέμαρχος
620 3008 818 3087 Καλλίμαχος·
849 3007 867 3068 o‘
886 3008 942 3088 γάρ

116 3090 208 3164 V07105
227 3095 297 3156 τότε
318 3097 382 3181 εἶχε
399 3095 474 3159 ὀάτω
497 3099 578 3157 τοῖσι
591 3094 786 3172 Ἀθηναίοισι,
800 3096 851 3154 τὸν
868 3095 953 3152 πολέ-

94 3196 223 3255 μαρχον
240 3185 322 3264 ἔχειν
341 3189 434 3268 κέρας
452 3186 488 3249 τό
508 3184 616 3258 δεξιόν·
643 3183 806 3266 ἡγεομένου
822 3180 857 3236 δῖ
871 3179 972 3236 τοίπαυ

83 3256 268 3332 ἐξεδέκοντο
286 3275 331 3344 ὥς
350 3278 545 3362 ἀριθμέοντο
565 3281 600 3339 αἱ
622 3273 721 3353 φυλαὶ
738 3266 881 3347 ἒχόμεναι
897 3261 1000 3329 &ms-
