2024 3450
129 102 176 150 136
426 97 613 148 ἯκοΔουου
847 100 922 164 [vn.

81 179 177 240 31Ὡς
191 178 220 237 δὲ
235 182 265 236 ἐκ
278 179 328 252 τῆς
341 176 463 258 Φρυγίης
483 179 608 254 ἐσέβαλε
629 182 656 241 ἐς
676 176 728 254 τὴν
739 178 850 254 Λυδίην,
865 207 924 258 σχι.

128 267 243 342 ζομένης
255 269 305 340 τῆς
318 263 392 334 ὁδοῦ,
408 266 454 324 καὶ
467 268 517 340 τῆς
530 268 582 341 μέν
596 270 622 328 ἐς
636 264 785 342 ἀριστερὴν
804 266 849 324 ἐπὶ
869 274 926 326 Κα-

125 355 187 430 ρίης
206 353 355 431 φερούσης,
374 356 424 429 τῆς
447 353 476 412 δέ
496 359 523 416 ἐς
541 353 633 428 δεξιην
654 358 681 415 ἐς
699 353 807 429 Σάρδις,
828 357 863 432 τῇ
883 357 926 426 καὶ

125 442 300 521 πορευομένῳ
314 442 446 518 διαβῆναι
461 441 510 501 τόν
524 440 687 517 Μαίανδρον
701 440 828 517 ποταμόν
848 447 928 508 πῦσο,

127 528 234 610 ἀνάγκη
252 531 366 610 γίνεται,
381 530 427 588 καὶ
442 530 510 588 ἰέναι
527 527 602 606 παρά
618 529 813 605 Καλλάτηβον
835 529 927 601 πόλιν,

127 621 203 696 ἐντῇ
221 617 315 694 ἄνδρες
328 617 489 698 δημιοεργοὶ
506 617 575 693 μέλι
596 621 625 675 ἐκ
643 616 758 693 μυρίκης
771 643 802 675 τε
816 617 861 674 καὶ
878 645 928 676 πυ-

125 709 177 782 ροῦ
198 711 317 775 ποιεῦσι,
338 704 441 780 ταύτην
464 704 510 763 ἶιῦν
533 704 547 763 ὁ
570 705 677 781 Ξέρξης
698 703 750 779 τὴν
772 704 844 773 όδῦν,
867 703 928 782 εὗρε

125 793 324 861 πλατάνιστον,
339 792 390 866 τήν
405 791 524 854 κάλλεος
539 794 628 850 εἵνεκα
644 791 840 869 δωρησάμενος
862 793 928 851 κόσ-

125 907 168 959 μῳ
180 881 291 958 χρυσέῳ
305 880 351 937 καὶ
364 878 509 955 μελεδωνῷ
522 878 649 958 ἀθανάτῳ
669 878 748 955 άνδρὶ
769 882 926 958 ἐπιτρέψας,

78 969 115 1026 32
125 968 237 1044 δευτέρῃ
247 966 337 1042 ἡμέρῃ
347 957 462 1022 α’πίκέτο
477 970 504 1026 ἐς
513 969 567 1023 τιῦν
578 965 675 1023 Λυδῶν
689 965 721 1024 τῦ
736 964 819 1024 άστυ.
850 968 928 1028 Ἀπι-

126 1053 240 1128 κόμενος
252 1052 282 1109 δὲ
296 1055 323 1113 ἐς
338 1050 444 1127 Σάρδις,
458 1055 554 1125 πρῦτα
566 1053 619 1126 μὲν
640 1050 787 1127 ἀπέπεμπε
809 1054 928 1128 κη’ρυκας

125 1145 152 1202 ἐς
172 1138 223 1214 την
244 1137 378 1206 Ἑλλάδα,
403 1136 568 1212 αἰτήσοντας
592 1141 646 1216 γῆν
668 1163 699 1197 τε
720 1139 765 1195 καὶ
787 1138 857 1215 ὕδωρ
881 1145 926 1200 καὶ

124 1227 304 1305 προερέοντας
326 1224 423 1282 δεῖπνα
446 1224 567 1299 βασιλέϊ
590 1225 823 1301 παρασκευάζειν·
848 1229 926 1303 πλην

125 1314 187 1374 οῦτε
202 1319 229 1376 ἐς
241 1311 362 1387 Ἀθήνας
376 1309 439 1370 ούτε
456 1316 483 1375 ἐς
497 1312 691 1389 Λακεδαίμονα
712 1312 859 1390 ἀπέπεμπε
880 1319 926 1377 ἐπὶ

123 1407 175 1482 γῆς
194 1402 312 1476 αἴτησιν,
328 1403 363 1478 τῇ
377 1399 407 1458 δέ
421 1397 497 1478 άλλη
510 1400 610 1476 πάντη·
631 1401 717 1461 τῶνδε
735 1401 764 1460 δὲ
783 1403 872 1461 εἵνεκα
892 1406 925 1465 τῦ

124 1488 248 1565 δεύτερον
269 1487 416 1564 ἀπέπεμπε
438 1490 483 1547 ἐπὶ
500 1493 554 1570 γῆν
565 1493 598 1548 ’τε
612 1490 657 1548 καὶ
671 1488 751 1568 ὕδωρ·
773 1489 838 1550 ὅσοι
858 1493 925 1568 πρό-

122 1603 203 1653 τερον
219 1576 269 1635 ούκ
286 1577 387 1636 ἔδοσαν
401 1577 510 1656 Δαρείῳ
530 1577 681 1656 πέμψαντι,
696 1577 809 1642 τούτους
829 1580 925 1660 πάγχυ

124 1664 214 1725 ἐδόκεε
227 1666 290 1724 τότε
305 1665 451 1728 δείσαντας
471 1666 579 1726 δαίσειν·
601 1665 778 1743 βουλόμενος
799 1666 836 1725 ὧν
857 1666 924 1727 αύτό

51 1774 55 1782 ’
122 1757 205 1813 τοῦτο
236 1753 365 1828 ἐκμαθεῖν
391 1753 521 1830 ἀκριβῶς,
548 1754 666 1832 ἔπεμπε·
693 1755 765 1833 μετά
789 1755 925 1815 δὲταῦτα

122 1839 345 1919 παρεσκευάζετο
359 1840 395 1902 ὦς
409 1844 479 1901 ἐλῶν
494 1847 520 1905 ἐς
528 1841 666 1919 Ἀβυδον.

75 1931 114 1989 33
164 1932 201 1988 Οἱ
214 1929 243 1988 δὲ
257 1927 387 2007 ἐντούτῳ
402 1928 452 1988 τόν
467 1928 684 2005 Ἑλλήσποντον
705 1931 873 2009 ἐζεύγνυσαν
894 1937 924 1990 ἐκ

122 2022 173 2094 τῆς
191 2016 291 2095 Ἀσίης
311 2023 339 2081 ἐς
357 2016 409 2094 την
424 2016 571 2094 Εύριύπην.
613 2019 674 2077 ἐστι
694 2017 723 2074 δὲ
743 2022 793 2090 τῆς
813 2024 922 2092 Χερσο·

122 2106 211 2183 νήσου
232 2111 281 2184 τῆς
300 2112 328 2166 ἐν
342 2105 555 2183 Ἑλλησπόντῳ,
574 2106 687 2179 Σηστοῦ
706 2128 736 2161 τε
754 2101 856 2164 πόλιος
875 2130 922 2178 με·

122 2195 191 2262 ταξῦ
213 2194 258 2253 καὶ
272 2192 413 2265 Μαδύτου,
429 2191 498 2265 ἅκτη
511 2192 617 2268 τραχέα
631 2195 658 2251 ἐς
672 2189 824 2248 θάλασσαν
841 2191 922 2265 κατή-

123 2305 212 2338 κουσα
233 2279 344 2356 Ἀβύδῳ
369 2277 522 2336 καταντίον·
547 2277 611 2335 ἔνθα
634 2274 705 2352 μετά
724 2279 812 2335 ταῦτα
831 2278 922 2357 χρόνῳ

122 2365 240 2441 ὕστερον
259 2363 292 2423 ού
309 2366 417 2440 πολλῷ,
439 2362 664 2437 ἐπὶΙΞανθίππου
685 2367 735 2422 τοῦ
755 2362 922 2441 Ἀρίφρονος

122 2454 282 2532 στρατηγοῦ
304 2449 465 2524 Ἀθηναίων,
491 2448 663 2528 Ἀρταΰκτην
693 2450 779 2530 ἄνδρα
806 2455 924 2532 Πέρσην

122 2538 261 2615 λαβόντες
270 2539 382 2614 Σηστοῦ
396 2536 530 2617 ὕπαρχον,
540 2538 627 2608 ζιῦντα
640 2539 710 2617 πρός
721 2542 822 2602 σανίδα
833 2569 921 2619 προσ-

121 2626 378 2686 διεπασσάλευσαν·
399 2625 430 2688 ῦς
444 2627 489 2684 καὶ
503 2631 530 2688 ἐς
542 2630 592 2686 τοῦ
606 2629 795 2705 Πρωτεσίλεω
810 2630 843 2690 τό
863 2632 922 2705 ἱρόν

122 2715 149 2777 ἐς
162 2714 327 2774 Ἐλαιοῦντα
338 2713 513 2795 ἀγινεόμενος
520 2719 659 2795 γυναῖκας,
668 2716 786 2794 ἀθέμιτα
800 2717 919 2794 ἔρδεσκε.

74 2802 168 2866 34Ἐς
185 2802 287 2880 ταύτην
310 2801 347 2862 ὧν
367 2802 419 2879 την
443 2800 529 2878 άκτην
553 2803 583 2872 ἐξ
604 2802 729 2879 Ἀβύδου
752 2803 921 2881 ὄρμειύμενοι

37 2882 40 2887 .
122 2891 275 2974 ἐγεφύρουν
300 2895 377 2952 τοῖσι
400 2892 576 2969 προσεκέετο,
601 2891 653 2967 την
679 2893 731 2967 μέν
757 2892 921 2949 λευκολίνου

113 2984 247 3054 Φαινικες,
273 2981 327 3060 την
353 2980 377 3042 δ’
400 2981 495 3059 ἑτέρην
521 2980 573 3057 την
598 2980 739 3056 βυβλίνην
762 2977 919 3058 Αἰγύπτιαι·

94 3068 215 3130 ἔστιδὲ
234 3072 309 3134 ε’πτά
330 3072 446 3135 στάδιοι
467 3070 499 3144 ἐξ
515 3068 647 3151 Ἀβύδου
671 3072 698 3131 ἐς
717 3065 769 3141 τὴν
788 3065 932 3123 ἀπαντίον.

25 3148 148 3214 35Καὶ
160 3159 201 3235 ὃν)
217 3165 400 3248 ἐζευγμένου
422 3168 478 3228 τοῦ
502 3162 610 3244 πόρου,
623 3154 826 3239 ἐπιγενὸμῑνῡῖ
845 3148 949 3249 λὶῑὶξδδν

1 3296 6 3303 -
56 3241 168 3320 μέγας
191 3254 357 3340 συνέκοψέ
378 3286 417 3323 τε
438 3260 544 3323 ἐκεῖνα
560 3251 666 3315 πάντα
681 3241 873 3306 κάιδιέλυσὶ·
896 3228 964 3290 ωἳδῗ
