2024 3450
124 110 155 158 ιο
429 103 610 154 ἯΡοΔοτοτ
875 105 927 170 [V.

122 184 246 260 ἑκάτεροι
264 183 354 244 αῦτῶν
366 182 504 260 μαρτύρια
517 181 732 260 άποφαίνονται·
745 183 792 244 καὶ
803 183 930 262 πάρεστι

121 271 281 347 ὁκοτέροισί
288 296 330 334 τις
342 271 467 331 πείθεται
483 270 581 340 αὐτῶν,
590 271 715 330 τούτοισι
724 273 930 349 προσχωρέειν.
951 262 955 269 ν

72 360 112 419 46
122 359 279 424 Συνέπλεον
293 359 323 417 δὲ
337 359 440 436 Δωριέῖ
454 359 499 416 καὶ
513 358 598 417 ἄλλοι
615 359 784 438 συγκτίσται
802 362 928 438 Σπαρτι-

120 447 214 522 ητέων,
235 447 385 510 Θεσσαλός
406 448 452 506 καὶ
472 445 659 524 Παραιβάτης
679 448 726 505 καὶ
746 447 857 523 Κελέης
877 450 929 510 καὶ

119 534 275 612 Εὐρυλέων·
298 535 324 595 οἳ
345 536 407 596 ε’τεί
422 561 453 595 τε
470 535 604 594 ἀπίκοντο
622 534 705 594 παντὶ
722 534 817 613 στόλῳ
831 539 860 599 ε’ς
872 538 928 613 τήν

120 624 257 699 Σικελίην,
279 622 417 684 ἀπέθανον
438 623 517 701 μάχη
539 623 708 685 ἑσσωθέντες
730 621 785 682 ῦπό
804 647 836 681 τε
856 629 925 685 Φοι,

121 712 202 772 νίκων
218 713 264 771 καὶ
281 709 460 791 Ἐγεσταίων·
481 715 583 786 μοῦνος
602 708 633 768 δέ
649 735 683 789 γε
700 707 850 785 Εὐρυλέων
866 714 925 772 τιῦν

119 800 309 880 συγκτιστέων
331 798 504 878 περιεγένετο
527 797 626 856 τούτου
645 799 695 856 τοῦ
715 796 828 859 πάθεος·
850 801 923 859 συλκ

118 885 217 960 λαβών
238 885 267 944 δὲ
289 883 368 947 οὗτος
387 888 437 958 τῆς
458 888 591 960 στρατιῆς
610 885 674 947 τοῦς
694 885 925 965 περιγενομένους

119 973 186 1050 ἔσχε
207 970 321 1047 Μινύην
340 971 392 1047 τήν
410 972 597 1034 Σελινουσίων
616 971 754 1046 α’ποικίην,
775 972 821 1030 καὶ
841 998 921 1032 συνε·

118 1060 250 1135 λευθέρου
271 1059 467 1123 Σελινουσίους
484 1062 534 1118 τοῦ
554 1059 713 1138 μουνάρχου
731 1059 921 1140 Πειθαγόρεω·

117 1146 189 1222 μετά
202 1146 238 1218 δὲ,
255 1145 291 1209 (ῦς
304 1150 403 1207 τοῦτον
422 1151 541 1216 κατεῖλε,
555 1146 638 1210 αὐτάς
654 1147 793 1224 τυραννίδι
812 1149 921 1227 ε’πεχεί-

116 1259 188 1311 ρησε
209 1235 397 1305 Σελινοῦντος,
412 1236 457 1293 καὶ
476 1234 669 1314 ἐμουνάρχησε
686 1235 788 1315 χρόνον
804 1234 846 1294 ἐπ’
860 1234 921 1296 ὀλί-

63 1384 69 1394 ,
115 1348 177 1403 γον·
188 1325 215 1382 οἱ
221 1323 276 1404 γάρ
283 1349 333 1400 μιν
346 1324 524 1387 Σελινοῦσιοι
538 1323 742 1386 ἐπαναστάντες
755 1322 920 1385 άπέκτειναν

69 1409 314 1493 47καταφυγόντα
344 1412 390 1471 ε’πὶ
415 1410 484 1474 Διός
508 1409 641 1490 άγοραίου
666 1410 774 1488 βωμόν.
815 1411 919 1475 Συνέσ-

116 1524 184 1559 πετο
200 1499 230 1559 δὲ
247 1500 351 1578 Δωριέϊ
367 1499 413 1559 καὶ
430 1499 603 1570 συναπέθανε
619 1501 760 1562 Φίλιππος
777 1497 793 1558 ό
812 1505 918 1560 Boma-

115 1589 201 1660 κίδεω,
224 1588 419 1668 Κροτωνιήτης
436 1588 516 1665 α’νήρ·
543 1586 574 1652 ὃς
594 1586 790 1665 άρμοσάμενος
807 1586 916 1662 Τήλυος

115 1681 165 1737 τοῦ
184 1678 345 1755 Συβαρίτεω
364 1678 502 1757 θυγατέρα
517 1677 603 1754 ἔφυγε
622 1679 651 1733 ἐκ
669 1673 824 1748 Κρότωνος·
853 1683 918 1753 ψευ-

115 1765 193 1827 σθεὶς
216 1765 245 1823 δὲ
269 1769 320 1824 τοῦ
340 1765 431 1845 γάμου
450 1764 543 1841 οἴχετο
562 1762 655 1820 πλέων
673 1764 701 1822 ε’ς
722 1759 862 1836 Κυρήνην·
888 1770 919 1824 ἐκ

114 1851 215 1926 ταύτης
235 1851 264 1908 δὲ
284 1851 458 1926 ὀρμειάμενος
478 1849 635 1908 συνέσπετο
654 1846 744 1924 οἰκηίῃ
761 1873 793 1907 τε
812 1851 919 1929 τριήρεϊ

116 1938 161 1995 καὶ
175 1937 265 2014 οἰκηίῃ
279 1935 384 2013 ἀνδρῶν
401 1934 518 2012 δαπάνη,
532 1933 582 1993 εἰύν
595 1960 626 1993 τε
639 1933 858 2013 Ὀλυμπιονίκης
871 1942 918 2001 καὶ

115 2025 268 2088 κάλλιστος
289 2022 435 2098 Ἑλλήνων
456 2025 510 2082 τῶν
532 2020 591 2082 κατ’
613 2021 721 2083 ἑωυτόν.
764 2024 808 2083 διά
832 2026 861 2084 δὲ
882 2027 916 2088 τά

114 2115 213 2172 ἑωυτοῦ
232 2111 338 2174 κάλλος
357 2110 479 2170 ε’νείκατο
497 2110 574 2187 παρά
591 2109 761 2192 Ἐγεσταίων
779 2113 814 2172 τοὶ
829 2113 917 2178 οὐδεὶς

114 2200 213 2265 ἄλλος·
227 2199 272 2260 ε’πὶ
285 2199 340 2281 γάρ
353 2201 403 2258 τοῦ
416 2197 509 2274 τάφου
522 2197 606 2259 αῦτοῦ
621 2199 722 2276 ήράῖον
736 2200 915 2278 ἱδρυσάμενοι

66 2287 105 2346 48
115 2289 233 2366 θυσίῃσι
247 2285 333 2347 αὐτόν
347 2284 521 2348 ἱλάσκονται.
563 2288 684 2365 Δωριεύς
696 2288 748 2365 μέν
761 2314 809 2348 νυν
821 2288 916 2370 τρόπῳ

113 2375 228 2454 τοιούτῳ
249 2373 423 2451 ἐτελεύτησε·
446 2378 470 2435 εἰ
488 2375 518 2435 δὲ
535 2374 672 2455 η’νέσχετο
692 2375 916 2454 βασιλευόμενος

113 2463 168 2522 ῦπὸ
182 2464 357 2541 Κλεομένεος
370 2464 416 2523 καὶ
432 2465 563 2541 κατέμενε
576 2469 605 2525 ἐν
624 2464 748 2544 Σπάρτη,
763 2465 916 2541 ε’βασιλευε

114 2549 147 2611 ἂν
160 2552 376 2630 Λακεδαίμονος.
417 2551 449 2614 ού
461 2553 516 2634 γάρ
531 2579 595 2613 τινα
609 2553 721 2613 πολλάν
733 2552 835 2632 χρόνον
848 2550 918 2629 ἦρξε

113 2638 129 2698 ὁ
144 2643 314 2716 Κλεομένης,
331 2640 397 2700 ἀλλ’
416 2640 537 2701 άπέθανε
556 2641 640 2704 ἅπαις
660 2641 797 2722 θυγατέρα
809 2639 916 2717 μούνην

113 2727 203 2786 λιπών
216 2731 251 2805 τῇ
265 2727 370 2805 οὕνομα
383 2728 418 2804 ἧν
430 2728 538 2809 Γοργώ.
690 2732 693 2737 ’

65 2815 103 2872 49
154 2814 327 2874 Ἀπικνέεται
354 2815 377 2875 δ’
405 2815 441 2876 ὦν
468 2815 484 2876 ά
511 2813 716 2895 Ἀρισταγόρης
742 2813 758 2874 ά
783 2811 916 2889 Μιλήτου

113 2902 246 2979 τύραννος
266 2907 293 2964 ἐς
313 2902 365 2977 τήν
384 2901 524 2980 Σπάρτην,
544 2902 719 2979 Κλεομένεος
736 2902 848 2981 ἔχοντος
863 2900 916 2976 τήν

113 2989 213 3070 άρχήν·
248 2994 286 3070 τῷ
312 2989 346 3066 δή
374 2995 403 3054 ε’ς
428 2990 532 3072 λόγους
557 2988 609 3065 ήῖε,
638 2987 674 3053 ὦς
700 2987 918 3066 Λακεδαιμόνιοι

113 3080 240 3161 λέγουσι,
262 3080 332 3159 έχων
355 3079 478 3157 χάλκεον
497 3078 600 3137 πίνακα
620 3081 650 3137 ἓν
669 3079 708 3156 τῷ
726 3079 781 3157 γῆς
802 3074 917 3152 άπάσης

115 3168 243 3244 περίοδος
273 3168 444 3246 ἐνετέτμητο,
475 3167 521 3225 καὶ
548 3164 686 3225 θάλασσά
704 3189 736 3224 τε
762 3167 845 3222 πάσα
872 3163 918 3221 καὶ

96 3258 224 3330 ποταμοὶ
243 3257 358 3323 πάντες·
378 3255 585 3334 ἀπικνεόμενος
599 3254 631 3314 δὲ
645 3258 673 3315 ὲς
685 3250 793 3326 λόγους
806 3248 837 3305 δ’
846 3255 931 3319 λάβω·
