2024 3450
147 102 194 150 ιον
452 100 634 150 Ἧνουοποι·
882 104 943 168 [vl.

146 181 270 258 ταλμένα
294 178 468 260 ἀπήγγελλε·
494 182 571 238 τοῖσι
595 179 625 238 δέ
648 179 709 239 ἔαδε
735 183 786 257 μέν
813 183 945 259 βοηθέειν

145 266 329 342 Ἀθηναίοισι,
343 266 463 326 ἀδύνατα
484 266 515 324 δέ
532 273 588 342 σφι
601 266 636 342 ἢν
648 267 681 327 τό
694 271 851 345 παραυτίκα
871 273 945 331 ποιέ-

146 381 186 414 ειν
201 359 288 414 ταῦτα
307 353 339 414 οὐ
351 355 556 430 βουλομένοισι
572 355 649 415 λύειν
662 356 711 416 τὸν
725 356 819 432 νόμον·
841 357 876 434 ἦν
889 359 946 440 γάρ

147 444 296 519 ἱσταμένου
316 446 367 501 τοῦ
386 442 474 520 μηνός
495 444 597 518 εἰνάτη·
619 443 711 522 εἰνάτη
726 444 756 503 δὲ
773 443 822 504 οὐκ
840 446 945 515 ἐξελεύ-

146 533 249 591 σεσθαι
266 533 384 606 ἔφασαν,
397 529 438 606 μή
460 529 492 589 ου’·
512 530 634 607 πλήρεος
655 531 747 594 έόντος
766 537 817 592 τοῦ
831 532 944 593 κύκλου.

99 619 155 679 107
167 616 253 678 Οὗτοι
273 619 326 694 μέν
347 644 395 678 νυν
416 617 468 694 τήν
489 622 668 694 πανσέληνον
691 620 796 695 έμενον·
818 624 895 680 τοῖσι
916 623 945 680 δὲ

144 706 322 784 βαρβάροισι
346 707 496 786 κατηγέετο
517 705 627 782 Ἱππίης
648 705 664 765 ά
686 707 896 784 Πεισιστράτου
918 716 944 773 ἐς

144 795 193 854 τόν
207 796 377 870 Μαραθῶνα,
391 798 442 868 τῆς
461 796 666 871 παροιχομένης
686 793 782 857 νυκτός
796 794 861 872 ὄψιν
881 797 943 857 ἰδών

145 887 174 941 ἐν
192 886 230 960 τῷ
248 880 322 960 ὕπνῳ
340 879 458 956 τοιήνδε·
480 879 571 940 ε’δόκεε
591 880 730 957 όἹππίης
748 885 784 960 τῇ
804 885 889 961 μητρὶ
909 892 944 963 τῇ

145 973 245 1029 ἑωυτοῦ
266 969 475 1044 συνευνηθῆναι·
496 968 672 1043 συνεβάλετο
693 968 730 1029 ὧν
752 975 782 1029 έκ
804 975 854 1030 τοῦ
876 971 939 1031 ὀνεί-

144 1084 204 1133 ρου,
227 1056 367 1116 κατελθών
391 1061 418 1119 ἐς
440 1056 489 1119 τάς
512 1054 633 1132 Ἀθήνας
657 1058 702 1115 καὶ
726 1057 944 1135 ἀνασωσάμενος

145 1144 197 1220 τήν
217 1142 315 1222 ἀρχήν,
329 1144 507 1219 τελευτήσειν
529 1149 557 1203 έν
576 1147 612 1222 τῇ
633 1148 733 1204 ἑωυτοῦ
747 1146 870 1226 γηραιός.
913 1154 943 1207 ἐκ

142 1234 196 1309 μὲν
215 1232 249 1308 δή
269 1236 319 1308 τῆς
339 1230 420 1310 ὄψιος
433 1231 608 1308 συνεβάλετο
622 1236 719 1292 ταῦτα·
740 1233 804 1294 τότε
817 1235 848 1293 δὲ
861 1261 941 1311 κατη-

143 1321 283 1402 γεόμενος,
298 1325 382 1380 τοῦτο
402 1323 454 1397 μὲν
470 1320 506 1389 τά
518 1319 684 1407 άνδράποδα
703 1320 739 1380 τά
756 1321 787 1391 ἐξ
801 1319 942 1400 Ἐρετρίης

143 1407 275 1485 α’πέβησε
296 1413 323 1471 ἐς
342 1408 394 1485 τήν
406 1413 495 1484 νῆσον
507 1407 559 1483 τήν
573 1408 705 1485 Στυρέων,
720 1412 891 1486 καλεομένην
912 1412 941 1470 δὲ

144 1497 298 1577 Αἰγίλειαν·
319 1501 402 1557 τοῦτο
417 1497 447 1555 δὲ
461 1492 652 1576 καταγομένας
671 1500 698 1559 ἐς
717 1495 767 1556 τόν
780 1499 941 1574 Μαραθῶνα

145 1583 195 1648 τάς
216 1586 278 1648 νέας
300 1583 399 1662 ὥρμιζε
420 1584 512 1654 οὕτως,
536 1583 673 1659 ἐκβάντας
695 1610 726 1643 τε
751 1589 778 1648 ἐς
800 1589 855 1666 γῆν
876 1585 941 1649 τούς

143 1671 310 1750 βαρβάρους
330 1673 470 1732 διέτασσε·
485 1671 541 1732 »καί
553 1674 579 1731 οἱ
591 1675 680 1732 ταῦτα
693 1671 814 1731 διέποντι
835 1675 940 1748 ἐπῆλθε

138 1765 257 1839 πταρεῖν
269 1787 301 1821 τε
314 1763 359 1820 καὶ
373 1761 461 1836 βῆξαι
474 1759 593 1836 μεζόνως
606 1757 624 1834 ἢ
638 1757 673 1823 ὦς
689 1758 778 1820 ἐώθεε·
800 1759 847 1820 οἶα
867 1761 897 1820 δέ
914 1765 940 1821 οἶ

144 1849 327 1927 πρεσβυτέρῳ
348 1848 420 1908 ἐόντι
433 1853 489 1908 τῶν
502 1847 620 1907 ὀδόντων
634 1851 660 1907 οἱ
673 1851 789 1912 πλεῦνες
806 1850 938 1917 ἐσείοντο·

142 1928 245 1996 τούτων
264 1935 300 1995 ὧν
319 1938 366 2008 ἕνα
383 1939 439 1996 τῶν
455 1935 574 2007 ὀδόντων
591 1934 728 2011 ἐκβάλλει
740 1936 795 2006 υπδ
808 1938 875 2013 βίης
887 1937 940 2014 βή-

142 2024 201 2094 ξας·
222 2024 387 2088 ἐκπεσόντος
408 2024 437 2084 δὲ
459 2028 486 2088 ἐς
506 2023 557 2100 τήν
579 2023 695 2101 ψάμμον
711 2025 803 2094 αὐτοῦ,
818 2026 940 2085 ἐποιέετο

143 2113 256 2190 πολλήν
275 2113 403 2189 σπουδήν
423 2113 550 2190 ἐξευρεῖν·
572 2112 608 2175 ὥς
621 2112 650 2172 δὲ
667 2109 716 2171 οὐκ
733 2112 862 2188 ἐφαίνετό
883 2113 940 2175 οἷό

141 2199 220 2269 όδών,
234 2201 422 2270 α’ναστενάξας
438 2201 498 2260 εἶπε
514 2200 584 2278 πρός
599 2200 663 2264 τούς
683 2200 885 2277 παραστάτας·
896 2200 940 2278 “ή

143 2291 180 2367 γῆ
197 2288 245 2362 ἥδε
265 2287 314 2348 οὐκ
326 2289 447 2365 ἡμετέρη
462 2289 531 2358 ἐστὶ,
546 2288 610 2347 οὐδέ
622 2313 670 2364 μιν
683 2287 860 2365 δυνησόμεθα
868 2288 941 2349 -ὖποε

142 2376 248 2452 χειρίην
261 2375 447 2451 ποιήσασθαι·
465 2374 570 2435 ὁκόσον
580 2376 610 2434 δέ
624 2401 652 2434 τι
664 2400 713 2451 μοι
726 2376 811 2453 μέρος
823 2380 911 2453 μετῆν
925 2376 941 2438 ὅ

96 2463 153 2521 108
162 2460 232 2522 ὀδιδν
244 2461 385 2542 μετέχει.”’
398 2463 517 2539 ,Ἱππίης
525 2465 576 2539 μὲν
587 2462 621 2538 δή
632 2462 718 2542 ταύτῃ
732 2463 784 2540 τήν
797 2462 863 2542 ὄψιν
877 2491 942 2524 συν-

142 2549 263 2626 εβάλετο
284 2551 487 2628 ἐξεληλυθέναι·
509 2550 685 2626 Ἀθηναίοισι
700 2550 731 2609 δὲ
745 2552 943 2632 τεταγμένοισι

142 2642 171 2696 ἐν
180 2640 286 2714 τεμένεϊ
298 2638 461 2716 Ἡρακλέος,
471 2640 597 2714 ε’πῆλθον
609 2639 777 2713 βοηθέοντες
785 2640 944 2705 Πλαταιέες

141 2726 287 2801 πανδημεί.
329 2727 375 2785 καὶ
394 2727 449 2807 γάρ
472 2734 519 2785 καὶ
539 2725 708 2784 ἐδεδοίκεσάν
729 2733 823 2802 σφεας
841 2725 944 2790 advehe

142 2817 219 2872 τοῖσι
240 2811 415 2889 Ἀθηναίοισι
439 2817 465 2874 οἱ
489 2814 653 2884 Πλαταιέες,
679 2815 724 2872 καὶ
747 2815 849 2878 πόνους
872 2814 944 2893 ὖπέρ

141 2900 230 2961 αὐτῶν
251 2904 277 2961 οἱ
296 2900 439 2983 Ἀθηναῖοι
459 2900 581 2981 συχνοὺς
594 2901 647 2978 ήδη
664 2900 820 2979 άναιρέατο·
842 2903 944 2964 ἔδοσαν

131 2989 165 3046 δέ
180 2987 244 3048 ὦδε·
265 2988 439 3068 πιεζεύμενοι
457 2990 512 3051 ὖπδ
526 2991 659 3066 Θηβαίων
678 2992 705 3048 οἱ
719 2991 877 3061 Πλαταιέες
891 2991 943 3051 ἐδί-

115 3072 212 3136 ὃοσαν
231 3080 334 3158 πρῶτα
354 3083 560 3163 παρατυχοῦσι
573 3077 735 3157 Κλεομένελ
753 3103 786 3136 τε
800 3076 950 3154 τιᾞλναξ-

98 3161 247 3237 ανὸριδεω
266 3171 318 3230 καὶ
342 3173 613 3253 Λακεδαιμονίοισι
635 3168 733 3244 σῲέας
755 3162 866 3223 αὗτῦὗῗ
890 3165 920 3218 ὓῖ
934 3161 970 3217 δῖ

83 3241 128 3297 οὔ
139 3248 306 3330 ὃε’(όμενοι
322 3264 437 3347 ἔλεγόν
449 3273 518 3342 σφι
531 3262 616 3325 τάδε·
638 3269 657 3296 “
669 3256 757 3333 ἡμεῖς
774 3252 823 3326 μὶν
839 3245 989 3315 {mmm
