2024 3450
112 108 251 174 lanum]
420 108 605 158 ΠΟΛΤΜΝΙΔ.
862 107 909 160 175

110 191 251 267 μείναντες
259 193 414 268 α’νέσχοντο
426 187 475 249 τόν
484 188 598 249 ἐπιόντα
609 187 656 247 ἐπὶ
668 187 720 264 την
730 186 823 266 χώρην
834 187 909 258 δέξα-

111 279 187 338 σθαι.
433 300 435 303 ’
985 335 986 338 ,

152 367 319 445 Πέμψαντες
338 364 394 448 γιὶρ
418 367 444 425 οἱ
463 363 607 441 Ἀθηναῖοι
629 369 656 426 ἐς
677 362 809 438 Δελφούς
828 363 957 423 oco-140

111 452 243 530 πρόπους,
264 452 521 533 χρηστηριάζεσθαι
541 451 617 528 ἦσαν
639 455 753 526 ἑτοῖμοι·
785 450 833 508 καί
854 456 911 526 σφι

111 541 252 617 ποιήσασι
272 543 336 620 περὶ
358 540 391 601 τό
415 540 474 617 ἱρόν
496 538 532 600 τὰ
558 538 733 616 νομιζόμενα,
762 537 797 600 ὦς
824 543 851 600 ἐς
877 537 910 597 τό

108 629 234 710 μέγαρον
252 628 416 692 ἐσελθόντες
433 629 531 702 ἵζοντο,
547 626 635 708 χρηῖή
650 627 743 702 Πυθίη
756 629 791 704 τῇ
806 624 911 703 οὕνομα

112 715 147 789 ἦν
159 716 338 793 Ἀριστονίκη
350 715 425 775 τάδε·

171 842 202 892 Ὦ
213 845 301 902 μέλεοι,
313 843 338 890 τί
349 843 472 901 κιίθησθες
488 845 566 890 λιπὼν
577 841 645 905 φεῦγ’
658 847 753 904 ἔσχατα
764 844 835 904 γαίης

178 916 277 973 δώματα
288 915 328 962 καί
340 915 422 963 πόλιος
433 917 580 975 τροχοειδέος
592 916 653 978 ύκρα
665 918 763 978 κάρηνα.

178 988 232 1034 ούτε
242 988 291 1048 γὰρ
303 986 318 1044 ἡ
330 987 426 1048 κεφαλὴ
436 987 501 1045 μένει
513 989 622 1047 ἔμπεδον,
637 991 692 1036 ούτε
703 990 731 1036 τδ
743 990 819 1048 σῶμα,

177 1060 231 1106 ούτε
243 1059 313 1107 πόδες
323 1059 412 1116 νέατοι,
425 1056 473 1106 οὔτ’
485 1058 516 1106 ὤν
526 1060 602 1121 χέρες,
618 1061 674 1107 οὔτε
684 1077 708 1107 τι
718 1061 810 1119 μέσσης
831 1102 835 1119 ,

175 1131 293 1190 λείπεται,
308 1130 364 1178 ἀλλ’
374 1123 453 1190 α’ζηλα
463 1131 541 1179 τέλει’
558 1133 622 1180 κατὰ
632 1132 681 1193 γάρ
690 1149 731 1191 μιν
743 1133 829 1194 ἐρείπει

176 1204 223 1264 πῦρ
234 1221 263 1250 τε
273 1204 314 1252 καί
325 1204 458 1264 δξύςἊρης
470 1204 613 1265 Συριηγενὲς
625 1203 691 1264 αἴρμα
704 1202 800 1252 διιύκων.
825 1245 828 1251 .

175 1276 258 1322 πολλὰ
269 1276 295 1323 δὲ
305 1274 374 1322 κᾶλλ’
387 1273 477 1322 αἱπολεῖ
487 1277 645 1336 πυργώματα,
660 1277 702 1322 κού
713 1275 741 1322 τὸ
753 1274 795 1321 σὸν
807 1274 860 1320 οἶον·

176 1349 280 1396 πολλοὺς
292 1347 312 1394 δ’
324 1347 448 1394 ἀθανάτων
459 1349 526 1405 νηούς
537 1348 635 1408 μαλερῷ
646 1348 702 1408 τυρί
713 1347 791 1402 δώσει,

177 1419 200 1464 οί
209 1435 256 1465 που
266 1421 305 1465 νῦν
316 1418 396 1478 ίδρῶτι
406 1418 524 1478 ῥεούμενοι
532 1418 657 1477 ἑστήκασι,

176 1489 269 1545 δείματι
281 1487 436 1543 παλλόμενον
454 1488 517 1534 κατὰ
528 1487 550 1534 δ’
561 1486 700 1548 ἀκροτάτοις
712 1487 820 1548 ὀρόφοισι

177 1559 236 1616 αἷμα
246 1558 323 1615 μέλαν
334 1557 441 1616 κέχυται,
457 1559 553 1618 τροὶδδν
564 1558 695 1616 κακότητος
707 1559 821 1618 ἀνάγκας.

134 1640 137 1645 ’
177 1629 234 1677 ἄλλ’
246 1632 296 1677 ίτον
308 1631 333 1687 έξ
344 1629 447 1687 ἀδύτοιο,
460 1630 540 1677 κακοῖς
552 1630 572 1676 δ’
584 1631 721 1677 έπικίδνατε
733 1631 811 1688 θυμόν.

111 1743 205 1798 Ταῦτα
233 1738 402 1802 α’κούσαντες
426 1743 452 1798 οἱ
475 1743 533 1819 ,τῶν
555 1739 708 1816 Ἀθηναίων
732 1738 891 1817 θεοπρόποι,
902 1739 957 1798 141

112 1831 249 1906 συμφορῇ
268 1831 304 1905 τῇ
327 1827 448 1908 μεγίστη
477 1827 620 1905 ἐχρέωντο
654 1826 856 1904 προβάλλουσι
882 1826 912 1884 δὲ

112 1916 204 1990 σφέας
214 1915 314 1979 αὐτούς
323 1915 379 1975 ύπό
389 1920 439 1974 τοῦ
450 1920 535 1974 κακοῦ
548 1919 598 1975 τοῦ
610 1915 808 1994 κεχρησμένου,
819 1915 912 1990 Τίμων

111 2002 127 2062 ό
147 2001 364 2080 Ἀνδροβούλου,
383 2005 439 2062 τῶν
461 2007 583 2078 Δελφῶν
605 2001 673 2079 οἶνὴρ
696 2001 807 2078 δόκιμος
829 2001 913 2077 ὁμοῖα

110 2095 148 2170 τῷ
167 2092 302 2169 μάλιστα,
328 2090 518 2167 συνεβούλευέ
540 2097 596 2165 σφι
618 2090 755 2167 ἱκετηρίην
773 2089 907 2164 λαβοῦσι,

111 2178 222 2256 δεύτερα
244 2179 319 2243 αὖτις
338 2177 471 2241 ε’λθόντας
492 2179 616 2256 χρᾶσθαι
636 2183 674 2256 τῷ
693 2176 854 2256 χρηστηρίῳ
876 2173 912 2237 οἱς

112 2267 210 2331 ἱκέτας·
232 2267 424 2344 πειθομένοισι
438 2267 468 2326 δὲ
481 2271 568 2325 ταῦτα
581 2269 657 2326 τοῖσι
670 2265 854 2341 Ἀθηναίοισι,
866 2262 912 2322 καὶ

110 2355 238 2435 λέγουσι’
266 2366 283 2392 “
292 2355 371 2428 ὦναξ,
392 2358 502 2433 χρῆσον
518 2354 585 2431 ἡμῖν
598 2353 716 2431 ’ἄμεινόν
733 2379 761 2412 τι
779 2353 843 2429 περὶ
862 2353 912 2427 τῆς

111 2443 250 2519 πατρίδος,
279 2443 415 2507 αἰδεσθεὶς
441 2442 491 2505 τός
519 2443 653 2518 ἱκετηρίας
680 2441 767 2502 τάσδε
793 2440 842 2502 τοίς
867 2464 912 2498 τοι

110 2527 215 2608 ἥκομεν
233 2532 373 2608 φέροντες·
401 2530 419 2607 ἢ
441 2531 472 2590 ού
493 2556 536 2590 τοι
557 2530 658 2607 ἄπιμεν
679 2535 708 2590 ἐκ
729 2533 779 2589 τοῦ
801 2527 909 2599 α’δύτου,

112 2616 177 2676 ἀλλ’
197 2618 281 2679 αὐτοῦ
301 2619 367 2697 τῇδε
386 2622 527 2695 μενέομεν,
550 2618 606 2676 ἔστ’
626 2616 660 2676 ἂν
679 2618 724 2676 καὶ
741 2615 910 2690 τελευτήσω·

111 2706 187 2780 μεν·”
215 2712 303 2766 ταῦτα
327 2706 357 2765 δὲ
378 2705 529 2787 λέγουσιῆ
552 2705 704 2782 πρόμαντις
723 2710 780 2784 χρᾷ
799 2702 911 2777 δεύτερα

111 2792 184 2852 τόδε·

176 2907 212 2955 Ού
220 2909 317 2955 δύναται
328 2907 430 2955 Παλλὰς
442 2906 478 2953 Δι’
492 2906 625 2964 Ὀλύμπιον
636 2906 807 2965 ἐξιλάσασθαι,

176 2980 306 3036 λισσομένη
317 2980 431 3026 πολλοῖσι
441 2978 525 3039 λόγοις
539 2979 580 3026 καλ
593 2979 678 3035 μήτιδι
687 2973 783 3028 πυκνῇ.

173 3052 212 3097 σοί
223 3052 250 3099 δέ
260 3051 311 3100 τόδ’
321 3049 390 3101 αὖτις
402 3053 462 3102 ἔπος
475 3052 558 3115 έρέω,’
568 3047 704 3107 λδίιμαντι
714 3039 861 3111 mm&

167 3122 216 3168 τῶν
228 3123 313 3173 ἄλλων
324 3127 378 3188 γὰρ
391 3126 579 3184 ἁλισκομένων,
595 3122 648 3168 ὃσα
656 3115 803 3171 Κέκροπος
815 3105 895 3149 <mm

159 3192 229 3242 ἐντὸς
239 3195 296 3256 “X“
309 3198 428 3259 κευθμύν
440 3215 473 3246 τε
483 3195 657 3258 Κιθαιρῶνος
672 3182 794 3243 ζαθέοιο,
817 3237 826 3252 x

85 3280 89 3299 ¹
153 3264 240 3325 Τεῖχος
254 3268 414 3332 Τριτογενεῖ
427 3274 539 3332 ξύλινον
555 3265 626 3317 διδοῖ
640 3256 766 3319 εὐρύοπα.
775 3242 849 3287 ’1ιὶὈῖ
