2024 3450
368 327 723 415 ἩΡοΔοΤου
856 427 858 430 ⁴

272 485 530 555 ἸΣΤΟΡΙΩΝ
566 491 803 558 ΠΕΜΠΤΗ.

492 631 592 658 -ε-

426 743 661 798 ΤΕΡΨΙΧΟΡΗ.

158 831 199 885 ΟΙ
213 825 243 885 δέ
256 829 285 885 ἐν
297 829 333 904 τῇ
346 824 466 904 Εὐρώπῃ
476 830 531 886 τῶν
541 827 676 904 Περσέων
687 826 920 901 καταλειφθέντες
935 825 949 882 l

115 913 170 973 όπὸ
188 914 308 990 Δαρείου
324 917 379 974 τών
397 913 413 973 ὁ
431 914 604 994 Μεγάβαζος
622 915 700 994 ἦρχε,
722 913 848 992 πρώτους
865 915 917 990 μέν

116 1000 280 1078 Περινθίους
286 1000 519 1078 Ἑλλησποντίων
532 1000 564 1061 οὗ
573 1004 766 1080 βουλομένους
778 1001 917 1078 ὖπηκόους

116 1090 185 1150 εἶναι
196 1091 316 1166 Δαρείου
327 1091 561 1168 κατεστρέψαντο,
569 1093 770 1168 περιεφθέντας
780 1089 917 1167 πρότερον

115 1179 160 1237 καὶ
170 1178 226 1239 ώπὸ
237 1177 367 1238 Παιόνων
375 1180 507 1258 τρηχέως.
535 1182 561 1238 οἶ
574 1179 629 1260 γαρ
642 1179 678 1240 ὦν
689 1179 745 1239 α’πὸ
757 1178 916 1256 Στρυμόνος

115 1268 242 1338 Παίονες,
256 1266 416 1345 χρήσαντος
431 1271 481 1326 τοῦ
500 1268 565 1327 θεοῦ
581 1267 784 1345 στρατεύεσθαι
798 1267 844 1326 ἐπὶ
861 1271 915 1324 Πε-

59 1417 61 1422 ,
113 1354 243 1430 ρινθίους,
260 1355 306 1413 καὶ
323 1353 358 1430 ἢν
373 1358 425 1430 μὲν
442 1353 678 1430 ἀντικατιζόμενοι
695 1354 918 1414 ἐπικαλέσωνταί

115 1447 208 1517 σφεας
221 1445 248 1501 οἱ
265 1443 409 1518 Περίνθιοι
427 1441 566 1517 ὀνομαστὶ
579 1443 725 1517 βώσαντες
738 1442 802 1503 τοῦς
816 1442 845 1498 δὲ
859 1447 915 1499 ἐπι-

113 1530 239 1606 χειρέειν,
262 1527 297 1603 ἢν
324 1529 353 1585 δέ
379 1529 419 1603 μή
447 1527 643 1602 ἐπιβώσωνται
672 1528 712 1604 μὴ
743 1528 913 1606 ἐπιχειρέειν,

115 1616 224 1674 ἐποίευν
245 1617 272 1673 οἱ
292 1615 411 1677 Παίονες
431 1617 527 1672 ταῦτα·
549 1613 794 1693 ἀντικατιζομένων
813 1615 841 1672 δὲ
861 1619 916 1675 τών

115 1703 270 1779 Περινθίων
292 1706 320 1760 ἐν
343 1705 381 1780 τῷ
403 1701 575 1781 προοστηίῳ,
597 1703 714 1762 ἐνθαῦτα
737 1703 914 1782 μουνομαχίη
935 1732 939 1739 ·

113 1792 253 1866 τριφασίη
267 1794 296 1848 ἐκ
310 1788 483 1866 προκλήσιός
496 1795 552 1865 σφι
566 1791 683 1871 ἐγένετο·
701 1791 747 1850 καὶ
759 1790 814 1870 γαρ
828 1789 914 1868 ἄνδρα

114 1877 201 1954 α’νδρὶ,
224 1879 270 1937 καὶ
292 1878 378 1936 ἵππον
401 1878 475 1957 ἵππῳ
498 1879 666 1954 συνέβαλον,
689 1880 735 1938 καὶ
757 1878 825 1937 κύνα
846 1880 914 1939 κυνί·

113 1966 248 2026 νικώντων
266 1966 295 2025 δέ
316 1966 351 2025 ταὶ
373 1965 421 2025 δύο
442 1970 496 2026 τών
516 1968 678 2043 Περινθίων,
696 1967 731 2030 ώς
754 1967 914 2038 ἐπαιώνιζον

114 2055 305 2133 κεχαρηκότες,
316 2054 510 2129 συνεβάλοντο
522 2058 547 2114 οἱ
561 2056 680 2117 Παίονες
693 2055 727 2114 τό
741 2054 914 2133 χρηστήριον

113 2141 181 2201 αὐτὰ
193 2146 277 2201 τοῦτο
291 2141 368 2203 εἶναι·
386 2142 431 2200 καὶ
446 2141 527 2202 εἶπόν
537 2168 586 2201 κου
599 2141 676 2219 παρὰ
689 2143 778 2218 σφίσι
791 2141 912 2200 αὐτοῖσι·

114 2234 189 2289 “νῦν
212 2229 247 2289 ἂν
269 2231 310 2306 εἴη
335 2229 350 2289 ὁ
373 2229 504 2307 χρησμός
528 2230 737 2307 ἐπιτελεόμενος
762 2229 839 2307 ήμῖν·
866 2234 914 2290 νῦν

22 2315 26 2324 ’
100 2317 248 2396 Ιη’ριέτερον
260 2317 293 2377 τό
308 2316 413 2398 ἔργον·”
434 2316 504 2376 οὕτω
520 2322 595 2377 τοῖσι
612 2318 788 2394 Περινθίοισι
801 2318 912 2378 παιωνί-

113 2431 184 2464 σασι
203 2406 390 2485 ἐπιχειρέουσι
411 2407 437 2463 οἱ
458 2405 586 2474 Παίονες,
603 2406 649 2463 καὶ
667 2409 767 2483 πολλῷ
784 2431 815 2463 τε
836 2404 913 2482 ἐκρώ-

112 2519 204 2570 τησαν
223 2494 269 2551 καὶ
287 2493 385 2552 έλιπόν
401 2499 497 2569 σφεων
512 2492 633 2573 ὀλίγους.
675 2492 717 2551 Τὰ
734 2495 786 2568 μὲν
807 2491 841 2568 δή
858 2492 948 2552 ἅπό2

112 2580 242 2641 Παιόνων
265 2580 401 2657 πρότερον
422 2579 559 2661 γενόμενα
583 2578 634 2639 ὦδε
658 2581 775 2661 ἐγένετο·
800 2580 864 2640 τότε
884 2580 913 2639 δὲ

112 2667 218 2746 α’νδρών
236 2668 349 2750 α’γαθών
366 2669 431 2745 περὶ
449 2671 499 2742 τῆς
518 2666 673 2743 ἐλευθερίης
690 2669 841 2747 γινομένων
858 2671 913 2726 τῶν

112 2759 316 2834 Περινθίων,οἱ
335 2756 447 2832 Πέρσαι
465 2781 495 2814 τε
514 2756 560 2814 καὶ
577 2754 593 2814 ό
612 2755 785 2835 Μεγάβαζος
799 2755 912 2831 ἐπεκρά-

111 2870 203 2920 τησαν
218 2844 331 2921 πλήθεϊ.
367 2843 402 2906 ώς
418 2843 448 2902 δέ
467 2842 599 2922 ἐχειρώθη
614 2841 633 2917 ἦ
650 2842 795 2918 Πέρινθος,
809 2842 913 2920 ἤλαυνε

111 2931 160 2991 τόν
176 2933 300 3009 στρατόν
318 2930 334 2991 ό
354 2930 529 3011 Μεγάβαζος
545 2929 590 2989 διὰ
606 2933 655 3004 τῆς
673 2929 801 3005 Θρηίκης,
815 2934 913 2989 πᾶσαν

111 3019 197 3079 πόλιν
204 3021 251 3079 καὶ
258 3025 316 3080 πᾶν
325 3021 403 3081 ἔθνος
411 3022 466 3078 τῶν
473 3018 560 3096 ταύτῃ
569 3017 721 3091 οἰκημένων
729 3016 936 3087 ἡυεοολιυῑνῦῑ

110 3107 240 3182 βασιλέϊ·
261 3111 351 3169 ταῦτα
366 3105 423 3193 γάρ
440 3109 470 3167 οἱ
490 3106 649 3167 ἐντέταλτο
665 3107 702 3162 ἐκ
722 3093 962 3168 Aapdwxw

104 3196 168 3274 ,ιν
181 3200 458 3302 καταστρέψεαι.
614 3249 620 3256 -
895 3293 903 3305 ,

361 3267 402 3374 ι
417 3247 852 3430 aum*-
