2024 3450
116 115 164 163 244
427 113 608 162 ἩΡοΔοτου
824 114 926 179 [un.

115 192 199 252 πεδον
216 191 250 252 τδ
268 193 324 252 τοῖν
335 189 489 267 Ἑλλήνων·
512 190 582 251 ούτω
595 191 625 250 δὲ
638 191 737 256 αὐτούς
749 192 862 268 μαθεῖν,
878 195 927 257 ὅτι

115 277 149 339 τό
165 277 292 339 ναυτικόν
310 277 344 340 τό
362 279 470 355 Ξέρξεω
488 278 661 339 ἀπολέεσθαι
675 280 789 355 μέλλοι.
831 286 928 344 ταῦτα

114 368 167 443 μὲν
186 370 301 430 Δικοῖος
319 365 335 425 ὁ
354 367 503 430 Θεοκύδεος
522 368 609 446 ἔλεγε,
628 364 800 444 Δημαρήτου
821 394 853 428 τε
877 374 928 432 καὶ

117 451 213 515 ἄλλων
225 454 371 533 μαρτύρων
385 454 601 531 καταπτόμενος.

68 541 106 600 66
150 545 186 601 Οἱ
199 542 229 601 δὲ
242 548 269 606 ἐς
286 543 335 603 τδν
353 542 461 620 Ξέρξεω
479 541 605 601 ναυτικόν
622 539 745 617 στρατόν
760 543 925 622 ταχθέντες,

116 629 210 705 ἐπειδὴ
224 636 254 689 ἐκ
268 634 404 710 Τρηχῖνος
423 629 591 706 θεησάμενοι
608 627 641 688 τδ
654 632 752 704 τρῶμα
769 629 803 689 τό
822 638 927 692 Λακω-

116 716 191 776 νικδν
207 717 345 794 διέβησαν
361 723 388 781 ἐς
405 717 457 792 την
475 716 617 792 Ἱστιαίην,
634 714 798 794 ἐπισχόντες
813 717 926 796 ἡμέρας

115 808 188 881 τρεῖς
207 806 314 865 ἔπλωον
333 804 366 863 δι’
383 803 515 882 Εύρίπου,
531 805 577 862 καὶ
595 809 624 863 ἑν
638 803 748 880 ἑτέρῃσι
761 806 840 880 τρισὶ
853 806 925 883 ἦμέ-

115 917 183 969 ρησι
201 892 327 972 ε’γένοντο
344 897 373 951 ἐν
391 891 521 971 Φαλήρῳ.
543 890 578 953 ὥς
590 894 642 966 μὲν
659 891 721 966 ἐμοὶ
740 891 853 966 δοκέειν,
871 895 925 961 οὐκ
944 912 951 923 ’

117 978 270 1040 ἐλάσσονες
289 978 377 1040 ε’όντες
395 976 514 1055 οἷριθμόν
527 979 670 1053 ἐσέβαλον
685 982 712 1040 ἑς
725 977 775 1040 τάς
787 977 924 1055 Ἀθήνας,

116 1064 187 1124 κατά
198 1090 229 1123 τε
241 1064 356 1140 ἤπειρον
370 1064 416 1122 καὶ
428 1069 496 1142 τῇσι
509 1066 593 1140 νηυσὶ
610 1063 781 1142 ἀπικόμενοι,
795 1063 814 1141 ἦ
829 1070 880 1127 ε’πί
892 1096 925 1130 τε

117 1151 243 1227 Σηπιάδα
270 1151 403 1212 άπίκοντο
430 1153 476 1211 καὶ
498 1158 525 1215 ἔς
548 1153 742 1229 Θερμοπύλας.
777 1151 925 1233 ἀντιθήσω

115 1240 170 1320 γάρ
183 1241 262 1300 τοῖσί
273 1267 304 1300 τε
317 1239 371 1300 ύπδ
384 1243 434 1300 τοῦ
447 1243 582 1319 χειμῶνος
600 1240 689 1300 αὐτῶν
703 1239 922 1318 ἀπολομένοισι,

116 1330 162 1387 καὶ
181 1332 258 1388 τοῖσι
277 1334 305 1388 ἓν
322 1327 534 1407 Θερμοπύλῃσι,
549 1328 595 1387 καὶ
613 1332 680 1406 τῇσι
694 1327 735 1386 ἐπ’
748 1326 924 1411 Ἀρτεμισίῳ

116 1419 295 1497 ναυμαχίῃσι,
309 1416 411 1477 τούσδε
423 1417 488 1480 τούς
500 1416 564 1477 τότε
578 1414 649 1475 ούκω
668 1415 818 1490 ἑπομένους
831 1418 923 1492 βασι-

115 1506 172 1578 λέϊ,
202 1506 329 1581 Μηλιέας
355 1531 386 1565 τε
413 1507 459 1565 καὶ
486 1505 617 1581 Δωριέας,
639 1503 684 1560 καὶ
707 1500 841 1578 Λοκρούς,
873 1507 923 1564 καὶ

115 1593 253 1656 Βοιωτούς
268 1598 444 1672 πανστρατιῇ
463 1592 613 1670 ἑπομένους
629 1588 706 1664 πλην
724 1590 871 1651 Θεσπιέων
891 1619 924 1653 τε

117 1682 162 1738 καὶ
177 1683 351 1740 Πλαταιέων·
373 1680 419 1738 καὶ
438 1679 519 1756 μάλα
541 1678 716 1756 Καρυστίους
735 1701 767 1735 τε
788 1677 836 1735 καὶ
856 1676 924 1740 'Av-

116 1768 214 1844 δρίους,
236 1767 282 1825 καὶ
301 1768 416 1843 Τηνίους
431 1792 462 1825 τε
479 1767 524 1824 καὶ
546 1766 611 1828 τούς
637 1762 753 1826 λοιπούς
779 1764 924 1839 νησιιύτας

116 1853 229 1924 πάντας,
252 1853 329 1929 πλην
356 1858 409 1913 τοῖν
432 1854 514 1913 πέντε
534 1853 640 1912 πολίων
659 1855 714 1911 τῶν
738 1851 924 1932 ἐπεμνήσθην

40 1994 42 1999 .
114 1940 250 2022 πρότερον
276 1939 312 2002 τά
339 1940 488 2019 οὐνόματα·
523 1938 582 2019 ὅσῳ
608 1940 662 2020 γάρ
696 1938 729 2015 δή
745 2016 747 2020 Ι
764 1940 924 2016 προέβαινε

115 2031 239 2110 ἐσωτέρω
265 2034 315 2109 τῆς
340 2028 480 2093 Ἑλλάδος
502 2028 518 2090 ό
542 2029 666 2106 Πέρσης,
690 2026 815 2107 τοσούτῳ
838 2031 924 2090 πλέω

116 2120 194 2180 ἔθνεά
208 2123 235 2180 οἶ
249 2120 351 2181 εἵπετο.

67 2207 104 2267 67
153 2205 234 2267 Ἐπεὶ
255 2207 292 2267 ὧν
313 2207 432 2287 ἀπίκατο
454 2210 482 2270 ές
502 2204 553 2269 τοῖς
573 2203 693 2281 Ἀθήνας
712 2202 814 2268 πάντες
831 2200 923 2277 οὗτοι,

114 2294 191 2368 πλὴν
209 2295 332 2370 Παρίων·
353 2293 457 2371 Πάριοι
475 2292 505 2351 δὲ
522 2292 739 2369 ύπολειφθέντες
755 2296 785 2351 ἑν
806 2291 924 2373 Κύθνῳ,

114 2380 295 2458 ἐκαραδόκεον
318 2379 367 2440 τόν
393 2379 520 2456 πόλεμον
547 2382 582 2454 κῆ
608 2379 797 2456 ἀποβήσεται·
833 2383 861 2439 οἱ
891 2382 924 2442 δὲ

114 2468 211 2528 λοιποὶ
225 2466 259 2530 ὦς
278 2466 410 2527 ἀπίκοντο
426 2471 454 2530 ἔς
469 2465 502 2527 τό
521 2465 661 2544 Φάληρον,
676 2469 796 2528 ἐνθαῦτα
808 2468 924 2547 κατέβη

115 2555 197 2618 αύτδς
209 2555 314 2631 Ξέρξης
327 2555 373 2614 ἐπὶ
386 2554 436 2619 τάς
454 2557 530 2631 νῆας,
544 2555 647 2615 ε’θέλων
663 2560 719 2631 σφι
736 2553 875 2631 συμμίξαι
889 2583 924 2631 τε

115 2643 160 2702 καὶ
180 2642 320 2702 πυθέσθαι
335 2646 390 2703 τῶν
409 2641 604 2703 ἑπιπλωόντων
624 2641 674 2706 τοῖς
694 2641 815 2722 γνύμος.
858 2646 925 2705 ἐπεὶ

113 2729 184 2790 δὲ’
166 2728 333 2807 απικόμενος
355 2731 493 2808 προΐζετο,
516 2734 649 2809 παρῆσαν
672 2729 867 2809 μετάπεμπτοι
893 2738 925 2794 οἱ

112 2823 167 2881 τῶν
191 2818 347 2880 ἑθνέων
308 2844 363 2878 των
385 2819 528 2896 σφετέρων
551 2817 678 2896 τύραννοι
702 2844 748 2877 και
738 2816 924 2925 ταξίαρχοι

101 2907 226 2969 Ιάπδ
187 2934 242 2969 των
261 2909 340 2982 νηῶν,
354 2932 400 2965 και
389 2905 549 2977 ἵζοντο
528 2932 563 2969 ως
579 2912 635 2983 σφι
653 2904 820 2982 βασιλεύς“
808 2905 924 2989 εκάστῳ

111 3022 196 3076 τιμην
218 2994 352 3056 ἑδεδάκεε·
380 2988 541 3071 πρῶτος
508 3021 559 3072 μεν
577 3022 593 3054 ο
586 2993 746 3058 Σιδόνιος
765 2994 922 3069 βασιλεύς·

100 3110 178 3160 μετα
174 3083 276 3146 δὲ
258 3112 274 3147 ο
297 3082 405 3166 Τύριος·
440 3081 487 3142 ἐπὶ
513 3083 552 3152 δὲ,
574 3079 671 3142 ὧλλοιΙ
706 3108 741 3144 ως
765 3080 852 3140 δὲ’
818 3107 923 3187 κοσμῳ

91 3175 201 3274 ἱπξῖς
232 3175 358 3286 ἕζοντο,
361 3174 483 3259 πέμψας
502 3171 612 3286 Ξέρξης
629 3165 840 3244 Μαρδόνιον
821 3167 936 3235 ειρύιτιςἱ

74 3255 333 3348 αποπεφώμῑνος
368 3265 512 3341 ἑκάστου,
544 3265 573 3324 εἰ
604 3254 768 3333 ναυμαηάην
802 3245 955 3310 ποιὲοιτος
