2024 3450
108 119 156 168 ιιι
414 114 597 164 Ἤνοιουοτ
849 116 913 182 [1x.

108 198 247 257 ἐσέπτατο
275 196 302 257 ἐς
327 192 362 254 τά
386 193 576 271 στρατόπεδον
602 196 668 264 πᾶν,
691 196 738 255 καὶ
765 199 915 274 κηρυκήῖον

109 284 199 359 ἐφάνη
226 282 272 340 ἐπὶ
298 285 349 356 τῆς
375 286 538 361 κυματωγῆς
565 283 699 357 κείμενον·
733 284 752 359 ἦ
780 285 811 344 δὲ
832 286 915 362 φήμη

108 370 208 445 διῆλθέ
233 376 290 444 σφι
318 368 377 438 ὧδε,
403 369 437 432 ὦς
461 372 488 428 οἱ
509 369 649 445 Ἕλληνες
675 371 728 446 τήν
752 373 915 450 Μαρδονίου

109 456 245 534 στρατιήν
258 461 353 536 νικῷεν
369 463 398 517 ἐν
415 461 564 516 Βοιωτοῖσι
579 457 743 535 μαχόμενοι.
787 461 863 536 δῆλα
881 461 915 537 δή

110 549 248 605 πολλοῖσι
266 547 444 623 τεκμηρίοισί
455 550 516 604 ε’στι
532 544 568 604 τά
584 545 645 604 θεῖα
663 549 718 604 τῶν
734 547 914 628 πρηγμάτων,

111 636 194 694 εἶκαὶ
209 634 274 694 τότε
290 637 340 709 τῆς
359 632 444 708 αὐτῆς
460 633 566 710 ήμέρης
583 634 803 710 συμπιπτούσης
818 641 868 694 τοῦ
885 663 916 696 τε

112 728 140 782 ἐν
151 725 316 800 Πλαταιῇσι
331 721 377 779 καὶ
390 724 439 780 τοῦ
453 726 482 779 ἐν
496 719 619 797 Μυκάλη
628 721 787 796 μέλλοντος
797 723 916 784 ἔσεσθαι

110 810 262 887 τρώματος,
278 809 360 886 φήμη
378 813 454 868 τοῖσι
469 806 596 884 Ἕλλησι
616 811 692 866 τοῖσι
710 809 799 888 ταύτῃ
818 812 916 870 ἐσαπί-

112 924 184 967 κετο,
200 897 272 956 ὥστε
287 897 434 974 θαρσῆσαί
448 921 480 955 τε
493 895 546 970 τήν
565 895 702 972 στρατιήν
723 900 824 976 πολλῷ
843 902 915 974 μᾶλ

66 988 120 1045 101
133 989 193 1054 λον,
216 986 261 1043 καὶ
285 985 392 1044 ἐθέλειν
412 983 622 1061 προθυμότερον
643 983 816 1044 κινδυνεύειν.
859 987 917 1044 Καὶ

112 1072 176 1130 τόδε
196 1073 289 1149 ἕτερον
299 1073 446 1131 ,συνέπεσε
461 1070 618 1152 γενόμενον,
634 1071 785 1149 Δήμητρος
802 1074 917 1150 τεμένεα

111 1158 286 1235 Ἐλευσινίης
312 1160 389 1236 παρά
409 1158 571 1236 ἀμφοτέρας
590 1159 641 1222 τάς
658 1160 815 1237 ’συμβολάς
838 1161 916 1221 εἶναι·

115 1249 160 1308 καὶ
173 1248 228 1329 γάρ
243 1248 276 1324 δή
290 1254 319 1308 ἐν
332 1252 367 1326 τῇ
382 1248 535 1307 Πλαταιίδι
547 1247 613 1325 παρ’
627 1247 695 1308 αὐτὰ
708 1247 742 1308 τὰ
753 1247 917 1325 Δημήτριον

114 1339 223 1419 ἐγένετο
243 1337 291 1418 (οἷς
312 1339 358 1397 καὶ
378 1335 513 1414 πρότερόν
533 1363 582 1413 μοι
604 1336 720 1418 εἴρηται)
733 1336 753 1412 ή
768 1339 857 1417 μάχη,
873 1339 917 1396 καὶ

114 1431 144 1486 ἐν
160 1426 283 1504 Μυκάλη
305 1429 406 1503 ἔμελλε
427 1424 557 1488 ὦσαύτως
578 1425 703 1484 ἔσεσθαι·
724 1426 869 1505 γεγονέναι
889 1426 918 1485 δὲ

114 1516 192 1589 νίκην
209 1519 263 1574 τῶν
281 1514 352 1592 μετά
371 1513 536 1573 Παυσανίεω
553 1512 700 1587 Ἑλλήνων
717 1511 807 1589 ὀρθῶς
825 1519 882 1589 σφι
899 1509 918 1589 ἦ

117 1601 199 1678 φήμη
213 1605 362 1679 συνέβαινε
377 1603 511 1661 ἐλθοῦσα·
532 1601 565 1660 τι)
578 1602 630 1677 μέν
642 1600 697 1680 γάρ
712 1605 741 1660 ἐν
751 1605 919 1680 Πλαταιῇσι

115 1691 187 1766 πρωῗ
203 1693 242 1750 ἔτι
261 1695 311 1766 τῆς
327 1690 430 1765 ἡμέρης
450 1689 564 1769 ἐγίνετο·
585 1687 618 1747 τὸ
632 1688 662 1746 δέ
675 1693 704 1748 ἐν
718 1689 842 1767 Μυκάλη
855 1691 919 1767 περὶ

115 1778 218 1853 δείλην·
240 1777 283 1837 ὅτι
298 1778 327 1835 δὲ
340 1782 389 1852 τῆς
403 1776 487 1851 αὐτῆς
500 1775 605 1853 ἡμέρης
618 1776 767 1852 συνέβαινε
778 1777 918 1857 γίνεσθαι,

115 1864 202 1941 μηνός
217 1890 247 1923 τε
268 1869 318 1923 τοῦ
339 1863 433 1932 αὐτοῦ,
448 1862 539 1942 χρόνῳ
557 1862 590 1923 οὗ
605 1867 705 1941 πολλῷ
725 1869 781 1939 σφι
802 1863 920 1942 ὕστερον

116 1955 190 2029 δῆλα
210 1952 437 2030 ἀναμανθάνουσι
463 1952 575 2033 ἐγίνετο.
618 1950 653 2028 ἦν
673 1952 703 2010 δὲ
723 1951 843 2029 ἀρρωδίη
864 1958 920 2028 σφι

116 2044 182 2121 πρὶν
211 2042 263 2119 τήν
296 2041 395 2119 φήμην
425 2041 619 2111 ἐσαπικέσθαι,
647 2039 707 2100 οὔτι
733 2041 797 2117 περὶ
823 2041 922 2116 σφέων

117 2132 207 2192 αὐτῶν
228 2131 306 2201 οὕτω,
327 2131 361 2194 ὥς
381 2133 436 2190 τῶν
451 2128 604 2205 Ἑλλήνων,
624 2128 665 2205 μή
685 2129 749 2206 περὶ
770 2127 921 2208 Μαρδονίῳ

117 2221 224 2297 πταίση
244 2219 263 2293 ἦ
283 2218 399 2280 Ἑλλάς·
435 2216 470 2279 ὥς
489 2217 584 2292 μέντοι
604 2216 623 2291 ἡ
644 2215 753 2294 κληδιδν
773 2213 844 2292 αὕτη
864 2223 922 2292 σφι

118 2305 264 2373 ἐσέπτατο,
285 2304 400 2379 μᾶλλόν
419 2330 447 2364 τι
469 2304 514 2362 καὶ
534 2304 686 2383 ταχθτερον
705 2303 757 2379 τήν
777 2303 922 2380 πρόσοδον

119 2395 267 2451 ἐποιεῦντο.
311 2393 337 2449 οἱ
363 2392 415 2467 μὲν
436 2390 470 2465 δή
493 2391 632 2467 Ἕλληνες
656 2393 701 2451 καὶ
725 2394 751 2450 οἶ
771 2390 921 2468 βάρβαροι

69 2520 75 2541 1
118 2478 253 2538 ἔσπευδον
266 2482 294 2540 ἐς
310 2476 362 2554 τήν
380 2477 482 2557 μάχην,
498 2478 532 2542 ὥς
550 2484 606 2554 σφι
625 2481 671 2538 καὶ
687 2482 716 2538 αἱ
734 2482 819 2554 νῆσοι
838 2479 885 2537 καὶ
906 2478 922 2538 ά

118 2564 334 2640 Ἑλλήσποντος
348 2565 437 2626 άεθλα
450 2567 603 2643 προέκειτο.

73 2655 129 2713 102
179 2655 262 2711 Τοῖσι
281 2654 333 2729 μέν
349 2680 397 2714 νυν
412 2653 588 2729 Ἀθηναίοισι
605 2656 651 2713 καὶ
668 2659 744 2715 τοῖσι
764 2655 924 2732 προσεχέσι

118 2740 245 2802 τούτοισι
270 2742 475 2822 τεταγμένοισι,
495 2744 579 2820 μέχρι
607 2769 656 2802 κου
676 2747 731 2802 τῶν
750 2741 883 2818 ἡμισέων,
905 2743 924 2817 ηΙ

119 2829 183 2894 άδός
207 2830 311 2911 ἐγένετο
336 2829 394 2889 κατ’
419 2829 547 2912 αἰγιαλόν
570 2857 601 2890 τε
625 2831 671 2889 καὶ
694 2830 797 2890 ἄπεδον
820 2832 925 2908 χῶρον·

118 2923 196 2979 τοῖσι
212 2919 241 2978 δέ
258 2918 505 2995 Λακεδαιμονίοισι
525 2919 571 2977 καὶ
587 2921 663 2978 τοῖσι
682 2918 781 2994 ἐπεξῆς
796 2916 925 2977 τούτοισι

119 3008 323 3087 τεταγμένοισι,
344 3005 414 3066 κατά
431 3031 462 3065 τε
480 3006 623 3083 χαράδρην
636 3007 682 3065 καὶ
701 3005 792 3083 οὔρεα·
814 3002 879 3083 ἐνῷ
895 3005 926 3065 δέ

110 3097 141 3154 οἱ
160 3095 383 3178 Λακεδαιμόνιοι
405 3093 567 3174 περιήισαν,
582 3091 659 3153 οὗτοι
676 3096 704 3152 οἱ
718 3094 765 3150 ἐπὶ
781 3095 821 3168 τῷ
841 3093 926 3173 ἑτέρῳ
987 3132 989 3137 ,

99 3185 182 3263 κέρεϊ
209 3189 253 3250 ἐπι
286 3189 337 3251 καὶ
365 3187 403 3267 δὴ
434 3183 592 3265 ἐμάχοντο.
630 3181 684 3241 ἶωὲ
714 3178 763 3282 μὲν
787 3183 943 3278 WVJ‘Q

87 3275 244 3360 Πέρσῃσι
258 3280 352 3362 ὄρθια
367 3279 408 3361 ἢν
426 3277 466 3342 τὰ
484 3274 590 3359 γέρρα)
604 3265 751 3347 ἧίώνθντῦ
768 3283 802 3316 τε
819 3279 869 3313 “²⁸
881 3257 961 3311 δὴ
