2024 3450
339 402 690 477 ‘HPOAOTOY

258 610 518 681 ἸΣΤΟΡΙΩΝ
563 615 758 680 ΟΓΔΟΗ.

464 789 564 815 -ε-

422 917 604 970 ΟΥΡλιΝΙΑ.

105 1032 120 1091 l
179 1038 219 1092 01
233 1017 420 1107 &k'mvjvwv
439 1037 466 1095 ές
482 1032 532 1093 τὸν
544 1035 672 1095 ναυτικόν
686 1033 808 1111 στρατέν
821 1035 942 1113 ταχθέν·

137 1143 183 1183 τες
211 1118 286 1197 ἦσαν
316 1119 382 1179 οἶδε·
413 1118 556 1195 Ἀθηναῖοι
578 1123 638 1197 μὲν,
662 1123 725 1184 νέας
751 1121 943 1199 παρεχόμενοι

139 1207 209 1274 ἑπτὰ
229 1208 275 1267 καὶ
295 1209 385 1268 εἴκοσι
405 1209 451 1266 καὶ
468 1206 574 1268 ἑκατόν·
594 1207 649 1269 ὗπδ
670 1209 700 1268 δὲ
720 1207 820 1284 ἀρετ-ἧς
839 1235 871 1268 τε
892 1212 942 1270 καὶ

140 1298 296 1374 προθυμίης
312 1296 476 1366 Πλαταιέες,
498 1294 607 1373 ἄπειροι
623 1301 674 1372 τῆς
692 1300 818 1369 ναυτικῆς
838 1295 940 1372 ε’όνπες,

139 1385 333 1463 συνεπλήρουν
350 1389 427 1445 τοῖσι
442 1382 618 1460 Ἀθηναίοισι
635 1384 687 1448 τὰς
699 1385 770 1446 νέας·
792 1384 941 1461 Κορίνθιοι

140 1470 170 1531 δὲ
178 1471 384 1549 τεσσεράκοντα
392 1473 455 1536 νέας
462 1474 638 1551 παρείχοντο·
649 1473 793 1552 Μεγαρέες
800 1471 830 1530 δὲ
838 1472 940 1531 εἴκοσι·

140 1561 187 1619 καὶ
200 1561 352 1623 Χαλκιδέες
362 1560 502 1637 ἐπλήρουν
515 1561 611 1634 εἴκοσι,
626 1560 778 1636 Ἀθηναίων
789 1564 845 1634 σφι
854 1586 941 1638 παρε-

139 1646 246 1725 χόντων
258 1648 308 1710 τὰς
320 1648 391 1710 νέας·
410 1652 556 1729 Αἰγινῆται
572 1648 602 1706 δὲ
620 1646 814 1707 ὀκτωκαίδεκα·
837 1647 941 1710 Σικυώ-

140 1760 195 1794 νιοι
209 1735 238 1793 δὲ
252 1735 380 1794 δυώδεκα·
401 1734 614 1812 Λακεδαιμόνιοι
628 1736 657 1794 δὲ
670 1735 745 1794 δέκα·
765 1734 941 1810 Ἐπιδαύριοι

140 1822 169 1882 δὲ
189 1821 271 1883 dmi·
294 1822 445 1901 Ἐρετριέες
464 1822 494 1881 δὲ
514 1823 593 1883 ἑπτά·
620 1822 776 1901 Τροιζήνιοι
796 1822 826 1883 δὲ
846 1823 940 1883 πέντε·

143 1911 260 1990 Στυρέες
279 1912 309 1972 δὲ
329 1911 387 1972 δύο·
408 1912 455 1973 καὶ
475 1914 557 1972 Κεῖοι
576 1909 625 1972 δύο
645 1938 676 1972 τε
696 1914 758 1973 νέας
779 1911 823 1968 καὶ
840 1912 941 1988 πέντη-

114 1996 121 2015 ’
141 2001 284 2078 κοντέρους
297 1999 355 2061 δυό·
373 2001 479 2077 Λοκροὶ
493 2000 525 2060 δέ
541 2005 598 2076 σφι
616 2002 643 2059 οἱ
660 1999 819 2058 Ὀπούντιοι
833 1999 942 2073 ἐπεβώ-

142 2089 214 2158 θεον,
229 2089 455 2166 πεντεκοντέρους
468 2088 576 2166 ἔχοντες
590 2087 668 2147 ἔπτιί.

105 2177 124 2234 2
171 2174 272 2236 Ἦσαν
291 2178 343 2251 μὲν
364 2172 401 2235 ὧν
420 2171 496 2234 οὗτοι
514 2178 541 2235 οἱ
553 2175 769 2253 στρατευόμενοι
785 2173 827 2234 ἐπ’
844 2173 942 2249 Ἀρτε-

139 2260 247 2338 μίσιον·
262 2263 366 2338 εἴρηται
376 2261 408 2320 δέ
415 2287 465 2338 μοι
479 2261 525 2320 καὶ
539 2260 575 2324 οἷς
586 2260 621 2322 τδ
634 2265 744 2338 πλῆθος
759 2263 872 2322 ἕκαστοι
884 2267 943 2323 τῶν

140 2352 209 2408 νεῶν
233 2350 410 2428 παρείχοντο·
437 2348 554 2427 ἀριθμὸς
580 2349 610 2408 δὲ
635 2353 690 2409 τῶν
713 2349 943 2428 συλλεχθεισέων

140 2439 208 2496 νεῶν
221 2435 263 2495 ἐπ’
283 2435 462 2513 Ἀρτεμίσιον
479 2436 522 2514 ἦν,
536 2437 627 2514 πάρεξ
642 2441 698 2497 τῶν
710 2437 940 2513 πεντηκοντέρων,

140 2525 193 2600 μία
206 2523 252 2582 καὶ
265 2523 459 2601 ἑβδομήκοντα
471 2525 517 2585 καὶ
530 2524 679 2601 διηκόσιαι.
715 2527 765 2586 τόν
778 2526 807 2584 δὲ
820 2549 943 2601 στρατη-

140 2609 194 2691 γδν
218 2609 268 2670 τόν
292 2611 325 2670 τὸ
351 2612 488 2691 μέγιστον
514 2612 614 2691 κράτος
643 2615 743 2693 ἔχοντα
773 2612 943 2688 παρείχοντο

143 2698 324 2776 Σπαρτιῆται,
346 2697 524 2775 Εὐρυβιάδεα
544 2700 594 2760 πὸν
614 2699 811 2777 Εὐρυκλείδεω.
837 2699 863 2753 οἰ
885 2698 944 2776 γὰρ

142 2785 290 2866 σύμμαχοι
306 2784 356 2845 οὐκ
374 2787 494 2862 ἔφασαν,
510 2786 545 2864 ἢν
563 2787 604 2865 μή
624 2787 641 2847 ὁ
661 2785 762 2846 Λάκων
776 2784 943 2864 ἡγεμονεύῃ,

142 2875 317 2953 Ἀθηναίοισι
338 2873 458 2954 ἕψεσθαι
476 2873 663 2957 ἡγεομένοισι,
684 2871 763 2934 ἀλλὰ
782 2870 881 2932 λύσειν
908 2873 944 2933 τδ

105 2965 126 3023 3
133 2965 250 3042 μέλλον
275 2963 393 3025 ἔσεσθαι
421 2961 591 3041 στράτευμα.
645 2961 773 3046 Ἐγένετο
800 2959 855 3043 γδρ
883 2961 944 3021 κατ’

45 3088 63 3152 ι
125 3050 223 3134 absrde
240 3053 341 3140 λόγος,
364 3053 433 3138 πρὶν
453 3051 472 3135 ἢ
493 3053 543 3117 καὶ
558 3053 735 3129 έςῖτικελίην
757 3051 875 3126 πέμπειν
901 3050 949 3105 ἐπὶ

111 3147 302 3226 συμμαχῶν,
328 3146 369 3216 ὦς
391 3145 428 3213 εδ
452 3146 586 3211 ναυτικὸν
605 3142 793 3222 ’λθηυαίοισι
812 3132 897 3213 χρεὸν
923 3132 968 3199 ε”ιη
