2024 3450
111 112 219 177 33-36]
415 112 622 166 mmmmm:
881 112 921 178 ιι·

111 199 137 255 ἐς
151 192 184 252 τό
198 195 290 271 τεῖχος
302 191 552 269 παρεσκευάσαντο
563 193 592 252 δὲ
603 190 639 255 οἷς
648 188 913 269 πολιορκησόμενοι·

110 282 156 338 καὶ
175 284 242 339 σῖτα
262 280 309 339 καὶ
328 277 402 339 ποτά
423 278 456 338 τό
474 283 567 358 τεῖχος
588 277 735 349 ἐσάξαντο.
769 279 816 338 καὶ
836 275 913 338 οὗτοι

109 371 159 443 μὲν
169 367 397 445 παρεσκευάδατο
412 365 448 430 ὥς
460 368 653 443 παρεσομένου
667 372 724 442 σφι
737 367 873 443 πολέμου,
885 370 912 426 οἱ

108 456 132 514 δ’
153 457 215 515 ἐπεί
231 480 263 516 τε
283 455 419 530 διέβαλον
440 460 470 512 ἐκ
490 458 540 529 τῆς
564 455 636 513 Χίου
655 454 705 517 τὰς
728 455 789 516 νέας
810 459 838 517 ἐς
859 453 912 529 τήν

109 543 212 616 Νάξον,
228 541 299 620 πρός
312 543 528 622 πεφραγμένους
541 542 763 619 προσεφέροντο·
785 542 832 599 καὶ
848 546 911 600 ἐπὀ-
982 553 984 558 “

108 629 236 707 λιόρκεον
262 635 352 706 μῆνας
383 629 531 705 τέσσερας·
566 628 602 692 ὥς
627 628 657 687 δὲ
682 627 718 688 τά
744 653 775 687 τε
803 628 912 706 ἔχοντες

113 716 198 789 ήλθον
218 716 351 796 χρήματα
373 719 400 775 οἱ
422 718 536 791 Πέρσαι
556 721 645 776 ταῦτα
668 714 912 790 καταδεδαπάνητό

109 811 164 878 σφι
178 805 224 864 καὶ
237 807 311 883 αύτῷ
324 808 362 883 τῷ
374 804 565 885 Ἀρισταγόρῃ
578 805 827 882 προσαναισίμωτο
840 807 910 862 πολ-

108 891 154 963 λοὶ,
177 895 228 952 τοῦ
251 892 372 956 πλεῦνός
394 918 425 952 τε
452 892 542 952 ἐδέετο
565 891 584 967 ή
608 892 766 969 πολιορκίη,
792 891 911 951 ἐνθαῦτα

109 980 200 1057 τείχεα
226 984 302 1040 τοῖσι
326 980 436 1060 φυγάσι
463 984 518 1040 τῶν
540 981 652 1050 Ναξίων
677 979 911 1055 οίκοδομήσαντες

106 1062 332 1128 άπαλλάσσοπο
346 1073 373 1130 ἐς
386 1068 438 1144 τήν
451 1066 575 1145 ἤπειρον,
590 1072 680 1131 κακῶς
693 1067 880 1145 πρήσσοντες.

108 1192 110 1198 >
145 1154 351 1236 Ἀρισταγόρης
367 1157 396 1215 δὲ
413 1155 463 1215 ούκ
481 1155 540 1235 εἶχε
555 1155 607 1232 τήν
620 1155 780 1235 ὑπόσχεσιν
792 1159 831 1234 τῷ
843 1155 907 1233 Ἀρ·
917 1157 955 1214 35

104 1244 238 1321 ταφέρνεῖ
256 1246 447 1321 ἐκπληρῶσαι·
469 1242 528 1320 ἅμα
547 1244 577 1302 δὲ
593 1244 683 1314 ἐπίεζέ
700 1269 749 1320 μιν
765 1243 783 1320 ή
800 1243 908 1318 δαπάνη

104 1335 154 1404 τῆς
170 1335 305 1409 στρατιῆς
323 1330 518 1407 ἀπαιτεομένη,
533 1330 654 1408 άρριόδεέ
671 1334 768 1391 τετοῦ
785 1335 908 1407 στρατοῦ

104 1417 260 1494 πρήξαντος
288 1423 376 1482 κακῶς
406 1418 452 1477 καὶ
483 1418 644 1500 Μεγαβάτῃ
671 1419 906 1494 διαβεβλημένος·

105 1504 198 1563 ἐδόκεέ
209 1531 240 1564 τε
249 1505 301 1580 τήν
310 1505 468 1580 βασιληίην
477 1508 528 1579 τῆς
541 1504 673 1579 Μιλήτου
686 1503 906 1580 άπαιρήσεσθαι·

106 1589 247 1666 ἀρρωδέων
264 1591 294 1649 δέ
310 1590 414 1649 τούτων
431 1591 537 1648 ἐκαστα
554 1590 721 1666 ἐβουλεύετο
737 1588 907 1651 α’πόστασιν·

106 1677 258 1737 συνέπιπτε
283 1677 339 1757 γάρ
366 1677 411 1735 καὶ
438 1676 488 1736 τόν
516 1677 680 1756 ἐστιγμένον
705 1677 756 1752 τήν
780 1679 908 1754 κεφαλήν

105 1763 225 1842 ἀπῖχθαι
251 1770 281 1824 ἐκ
309 1765 438 1828 Σουσέων
466 1765 543 1842 παρά
561 1764 709 1836 Ἱστιαίου,
733 1766 908 1842 σημαίνοντα

106 1851 283 1914 ἀπίστασθαι
298 1853 487 1934 Ἀρισταγόρῃ
507 1852 563 1913 άπό
579 1854 727 1929 βασιλέος·
749 1849 834 1934 όγόρ
850 1855 906 1915 Ἱσ-
983 1861 994 1877 “

104 1943 200 2010 τιαῖος,
221 1940 397 2018 βουλόμενος
418 1945 456 2018 τῷ
477 1939 668 2022 Ἀρισταγόρῃ
689 1946 816 2019 σημήναι
837 1941 906 2002 α’πο-

104 2031 216 2102 στῆναι,
227 2027 321 2093 άλλως
333 2022 385 2106 μὲν
396 2028 522 2107 οὐδαμῶς
536 2029 593 2108 εἶχε
606 2027 759 2103 α’σφαλέως
772 2034 905 2108 σημήναι,

105 2113 177 2175 ὥστε
200 2117 442 2194 φυλασσομενέων
462 2122 518 2176 τῶν
537 2116 616 2176 ὁδῶν·
638 2115 654 2176 ό
675 2117 705 2175 δέ
726 2120 781 2176 τῶν
800 2117 905 2179 δούλων

103 2203 153 2262 τόν
166 2203 338 2264 πιστότατον
350 2204 530 2280 ἀποξυρήσας
543 2203 595 2280 τήν
606 2204 733 2280 κεφαλήν
747 2205 846 2277 ἔστιξε,
859 2207 905 2264 καὶ
928 2278 932 2286 ¹
953 2275 955 2280 ἲ

104 2290 229 2367 άνέμεινε
246 2291 387 2368 α’ναφῦναι
401 2291 452 2354 τάς
468 2293 575 2371 τρίχας·
598 2291 633 2356 οἷς
649 2292 678 2350 δὲ
695 2291 840 2368 ἀνέφυσαν
858 2293 905 2354 τά·

103 2405 199 2457 χιστα,
227 2380 375 2456 α’πέπεμπε
402 2385 429 2443 ἐς
456 2381 588 2456 Μίλητον
615 2379 806 2456 ἐντειλάμενος
832 2381 905 2462 αύτῷ
944 2395 947 2401 ’

104 2466 179 2525 ἄλλο
193 2469 244 2543 μὲν
261 2467 348 2537 οὐδὲν,
362 2466 446 2527 ἐπεάν
465 2468 494 2526 δὲ
510 2467 645 2543 α’πίκηται
664 2472 691 2530 ἐς
709 2468 848 2545 Μίλητον,
862 2497 905 2530 κε·

104 2553 195 2613 λεύειν
207 2553 413 2636 Ἀρισταγόρην
431 2554 590 2633 ξυρήσαντά
602 2581 651 2632 μιν
663 2556 713 2618 τοὶς
725 2556 823 2635 τρίχας
841 2584 904 2619 κατ-

105 2641 214 2703 ιδέσθαι
233 2647 261 2706 ἐς
272 2642 324 2717 τήν
342 2642 478 2718 κεφαλήν·
500 2643 535 2702 τά
551 2643 581 2701 δέ
598 2643 742 2723 στίγματα
761 2643 904 2721 ἐσήμαινε,

104 2728 140 2792 οἷς
156 2730 202 2788 καὶ
219 2727 356 2807 πρότερόν
369 2755 419 2807 μοι
439 2731 551 2807 εἴρηται,
566 2729 737 2791 ἀπόστασιν.
771 2736 859 2792 ταῦτα
875 2733 905 2792 δέ

104 2815 120 2877 ό
139 2817 272 2882 Ἱστιαῖος
295 2818 394 2889 ἐποίεε,
415 2819 568 2895 συμφορήν
592 2818 754 2895 ποιεύμενος
776 2819 905 2900 μεγάλην

64 2910 71 2919 ’
104 2904 155 2981 τήν
176 2909 276 2966 ἑωυτοῦ
297 2905 420 2985 κατοχήν
439 2905 491 2981 τήν
511 2912 540 2967 ἐν
561 2906 708 2971 Σούσοισι·
729 2907 906 2972 ἀποστάσιος

105 2990 142 3052 ὧν
158 2995 312 3073 γινομένης,
329 2993 440 3057 πολλάς
459 2994 516 3072 εἶχε
533 2995 647 3056 ἐλπίδας
663 2993 840 3069 μετήσεσθαι
858 2997 905 3053 ἐπὶ

105 3081 266 3142 θάλασσαν·
282 3082 322 3157 μή
336 3082 365 3140 δέ
379 3082 509 3160 νεώτερόν
521 3109 550 3143 τι
563 3082 702 3158 ποιεύσης
715 3079 925 3156 τῆςἊιλκήςου

103 3167 211 3245 ου’δαμά
226 3176 254 3234 ἐς
270 3169 360 3246 αὐτήν
372 3169 451 3247 ήξειν
468 3174 513 3234 ἐτι
529 3173 695 3255 ἐλογίζετο.
725 3167 881 3226 Ἱστιαῖος
895 3155 1006 3229 WW‘&

89 3257 141 3315 νυν
166 3263 253 3318 ταΐτα
283 3259 506 3340 διανοεύμενος,
531 3261 701 3341 ἀπέπεμπε
729 3255 784 3316 τὸν
821 3244 976 3323 &wm-
