2024 3450
66 112 174 180 38-43]
384 115 536 162 omm.
816 109 863 157 τις

68 195 181 271 ἔχοντας
204 197 233 253 ἐν
257 196 379 271 φυλακῇ,
402 193 438 252 τοὶ
465 193 494 251 δὲ
517 191 595 250 ἅλλα
617 192 736 252 ἀπιέναι·
777 194 866 251 ταῦτα
936 193 941 201 ’

67 280 276 358 πυνθανόμενοι,
292 279 361 339 οὕτω
379 280 412 354 δη
430 280 662 355 προσεδεήθησόν
674 286 771 354 σφεων
784 281 872 355 σχεῖν,

67 362 137 444 πρός
150 368 201 444 τήν
215 370 372 444 Σαλαμῖνα.
414 371 451 424 Οἱ
455 370 517 459 μὲν
531 367 564 441 δὴ
582 365 666 425 ἄλλοι
684 367 821 444 κατέσχον
839 370 866 426 ἐς
874 366 911 423 41

68 457 119 530 την
133 458 287 531 Σαλαμῖνα,
301 452 446 530 Ἀθηναῖοι
462 455 492 512 δὲ
509 459 536 516 ἐς
552 453 603 528 τὴν
616 456 732 511 Ιἑωυτῶν·
753 451 825 529 μετοὶ
838 451 867 510 δὲ
968 463 970 466 ’

68 542 121 618 τὴν
140 542 234 613 ἄπιξιν
254 542 382 622 κήρυγμα
402 539 580 616 ἐποιήσαντο,
600 539 753 615 Ἀθηναίων
772 543 808 616 τῇ
827 564 869 600 τις

39 661 52 677 ·
70 630 182 690 δύναται
194 630 293 701 σώζειν
302 628 337 689 τᾶ
347 628 429 688 τέκνα
441 653 472 687 τε
485 629 531 687 καὶ
540 628 605 690 τούς
614 628 730 689 οἰκέτας·
751 627 868 685 ε’νθαῖπα

71 721 97 775 οἱ
116 720 168 792 μὲν
187 720 319 776 πλεῖστοι
340 720 367 778 ἐς
387 716 523 793 Τροιζῆνα
544 714 721 783 α’πέσπειλαν,
745 715 772 772 οἱ
792 712 821 770 δὲ
842 717 869 775 ἐς

73 804 195 883 Αἴγιναν,
217 805 243 861 οἱ
270 803 299 862 δὲ
324 808 352 866 ἐς
373 804 530 878 Σαλαμῖνα.
571 804 713 862 ἔσπευσαν
733 802 762 860 δὲ
782 803 870 860 ταῦτα

70 889 249 959 όπεκθέσθαι,
264 894 301 970 τῷ
312 891 472 970 χρηστηρίῳ
485 917 516 950 τε
525 889 697 968 βουλόμενοι
711 888 870 966 ὑπηρετέειν

72 979 117 1035 καὶ
141 977 175 1053 δη
200 978 245 1037 καὶ
266 979 347 1038 τοῦδε
370 979 458 1039 εἵνεκα
479 978 529 1038 οὐκ
551 977 662 1054 ἥκιστα·
703 980 821 1061 λέγουσι
842 979 869 1037 οἱ

28 1084 30 1089 ·
70 1066 220 1141 Ἀθηναῖοι,
239 1065 306 1143 ὅφιν
326 1067 415 1149 μέγαν
436 1067 550 1144 φύλακα
570 1071 620 1143 τῆς
640 1065 808 1145 ἀκροπόλιος
829 1070 868 1125 ἐν-

70 1153 238 1214 διαιτέεσθαι
255 1159 284 1215 ἐν
298 1160 336 1235 τῷ
353 1159 410 1234 ἱρῷ·
430 1155 551 1236 λέγουσί
565 1182 596 1214 τε
611 1161 698 1215 ταῦτα
712 1156 757 1214 καὶ
774 1153 807 1229 δὴ
823 1154 868 1212 καὶ

70 1241 105 1304 ώς
127 1242 200 1302 ἐόντι
223 1243 354 1319 ἐπιμήνια
375 1245 550 1302 ἐπιτελέουσι
571 1244 755 1318 προτιθέντες·
789 1241 825 1299 τό
846 1239 869 1298 δ’

71 1330 200 1406 ἐπιμήνια
221 1330 397 1407 μελιτόεσσα
418 1335 488 1389 ἐστι·
513 1328 582 1403 αὕτη
604 1328 626 1387 δ’
648 1329 667 1404 ή
687 1327 869 1404 μελιτόεσσα,

71 1422 100 1476 ἐν
119 1421 157 1495 τῷ
177 1417 302 1494 πρόσθεν
323 1418 376 1475 αἰεὶ
396 1416 487 1494 χρόνῳ
509 1415 735 1491 ἀναισιμουμένη,
752 1413 815 1474 τότε
836 1413 870 1490 ἦν

71 1502 225 1580 ἄψαυστος·
246 1504 414 1581 σημηνάσης
429 1503 458 1560 δὲ
476 1506 564 1561 ταῦτα
581 1506 631 1576 τῆς
651 1502 742 1578 ἱρείης,
758 1501 871 1577 μᾶλλόν

70 1614 98 1647 τι
124 1593 151 1648 οἱ
177 1589 320 1664 Ἀθηναῖοι
347 1590 394 1648 καὶ
424 1587 632 1666 προθυμότερον
664 1588 791 1658 ἐξέλιπον
819 1586 872 1663 τήν

71 1676 164 1746 πόλιν,
188 1677 224 1740 ὦς
247 1679 293 1735 καὶ
314 1681 365 1751 τῆς
389 1677 453 1736 θεοῦ
476 1674 699 1751 ἀπολελοιπυίης
717 1675 769 1751 τήν
790 1674 870 1752 ἀκρό-

71 1768 165 1824 πολιν·
186 1764 221 1827 ὦς
242 1764 273 1823 δέ
293 1769 349 1840 σφι
369 1762 461 1823 πάντα
480 1763 645 1845 ὑπεξέκειτο,
663 1765 770 1824 ἔπλωον
791 1767 819 1826 ἐς
838 1762 871 1823 τό

72 1851 271 1929 στρατόπεδον.

103 1939 183 1999 Ἐπεὶ
196 1941 226 2001 δὲ
239 1943 266 2000 οἱ
279 1938 326 2000 ἐπ’
339 1940 518 2019 Ἀρτεμισίου
532 1946 560 2005 ἐς
573 1943 721 2018 Σαλαμῖνα
733 1941 918 2018 κατέσχον42

70 2028 120 2091 τός
138 2029 207 2098 νέας,
223 2029 352 2107 συνέρρεε
366 2029 412 2087 καὶ
426 2028 551 2090 ὁλοιπός
569 2027 774 2103 πυνθανόμενος
788 2027 871 2086 ὁτῶν

70 2114 214 2193 Ἑλλήνων
235 2116 361 2179 ναυτικὰς
382 2116 503 2193 στρατός
525 2120 555 2173 ἐκ
580 2116 736 2190 Τροιζῆνος·
766 2119 794 2177 ἐς
815 2112 871 2194 γὰρ

71 2204 197 2287 Πώγωνα
206 2202 256 2265 τόν
265 2203 431 2281 Τροιζηνίων
440 2204 540 2280 λιμένα
554 2203 702 2280 προείρητο
713 2202 870 2283 συλλέγεσ·

72 2292 127 2351 θαι·
148 2292 362 2371 συνελέχθησάν
379 2318 410 2352 τε
429 2291 578 2373 δηπολλῳ
590 2295 706 2354 πλεῦνες
727 2291 785 2354 νέες
797 2288 815 2366 ἢ
829 2289 871 2349 ἐπ’

70 2377 237 2460 Ἀρτεμισίῳ
260 2380 438 2460 ἐναυμάχεον,
463 2382 509 2440 καὶ
531 2379 587 2440 ἀπό
609 2379 716 2439 πολίων
737 2377 869 2438 πλεόνων.

72 2466 208 2545 ναύαρχος
226 2467 278 2543 μέν
290 2493 338 2527 νυν
352 2473 421 2543 ἐπῆν
435 2467 521 2530 ώυτός
534 2468 623 2544 ὅσπερ
638 2466 680 2525 ἐπ’
693 2466 869 2545 Ἀρτεμισίῳ,

71 2551 248 2629 Εὐρυβιάδης
271 2554 286 2613 ὁ
310 2554 507 2630 Εὐρυκλείδεω,
534 2554 604 2631 οἷνήρ
632 2553 810 2631 Σπαρτιήτης
837 2553 869 2613 οὔ

71 2640 166 2717 μέντοι
178 2639 273 2721 γένεός
284 2667 318 2721 γε
331 2644 381 2700 τοῦ
399 2642 555 2718 βασιληίου
574 2641 633 2701 ἐών·
655 2643 717 2705 νέας
730 2642 759 2701 δὲ
772 2644 872 2749 ηολλῷ

71 2729 210 2792 πλείστας
221 2754 252 2789 τε
265 2729 311 2788 καὶ
325 2727 427 2806 ἄριστα
444 2730 594 2793 πλωούσας
608 2732 774 2809 παρείχοντο
796 2730 870 2805 Αθη-

71 2819 153 2877 ναῖοι.
182 2814 402 2894 Έστρατεόοντο
415 2817 445 2876 δὲ
458 2817 524 2877 οἵδε·
539 2823 571 2877 ἐκ
577 2820 629 2894 μὲν
639 2816 870 2892 Πελοποννάσου,
879 2818 917 2875 43

72 2903 285 2982 Λακεδαιμόνιοι
293 2904 435 2965 ἐκκαιόεκα
442 2909 510 2981 νῆας
519 2905 714 2984 παρεχόμενοι·
725 2902 871 2978 Κορίνθιοι

72 2990 102 3049 δὲ
118 2991 152 3052 τό
172 2991 239 3053 αὐτό
252 2992 393 3071 πλήρωμα
411 2993 597 3072 παρεχόμενοι
610 2992 643 3051 τό
663 2991 709 3048 καὶ
722 2988 764 3048 ἐπ’
776 2987 870 3063 Ἀρτε·
899 3047 900 3051 ,

72 3079 167 3156 μισίῳ·
188 3079 331 3144 Σικυώνιοι
349 3079 379 3138 δὲ
397 3080 596 3141 πεντεκαίδεκα
611 3078 787 3154 παρείχοντο
802 3077 886 3144 νῖςος

72 3162 241 3242 Ἐπιδαύριοι
254 3167 285 3226 δέ
298 3167 376 3228 δέκα·
396 3168 563 3248 Τροιζήνιοι
575 3167 612 3227 δὶ
623 3165 721 3225 πέντε·
732 3153 919 3254 ’Ὲομῦξῖἱῖ

58 3249 90 3305 32
102 3253 186 3324 τρεῖς·
207 3253 302 3320 ἐόντες
314 3254 408 3328 οὗτοι,
424 3258 510 3336 πλὴν
528 3252 734 3335 Ἑρμιονέων,
751 3252 890 3318 MPWW
905 3249 948 3283 πε
