2024 3450
74 106 181 171 ιι-ιι]
375 105 577 162 συννικοοιῑ.
843 108 873 152 ιι

73 214 143 258 σιος,
161 188 226 264 πρὶν
239 187 257 264 ἦ
270 186 377 261 Ἰωνίην
395 212 426 244 τε
444 186 602 262 ἀποστῆναι
618 184 675 245 άπό
693 185 814 262 Δαρείου
829 185 874 242 καὶ

72 276 277 356 Ἀρισταγόρεα
290 275 339 335 τόν
356 273 504 349 Μιλήσιον
519 272 688 351 ἀπικόμενον
708 279 736 336 ἐς
754 271 874 348 Ἀθήνας

71 368 179 441 χρῇσαι
192 365 289 438 σφέων
302 363 441 438 βοηθέειν,
455 365 543 420 ταῦτα
556 365 651 437 πρῶτα
672 361 782 437 φράσω.

112 450 229 527 Ἀθῆναι
243 456 340 510 ἐοῦσαι
357 450 402 508 καὶ
416 450 482 526 πρὶν
499 448 630 528 μεγάλαι,
644 447 707 507 τότε
725 448 873 527 άπαλλαχ-
883 448 921 507 66

73 540 166 598 θεῖσαι
182 538 320 616 τυράννων
340 539 462 619 ἐγίνοντο
481 537 602 613 μέζονες·
625 541 653 594 ἐν
666 536 696 593 δὲ
710 535 812 614 αὐτῇσι
825 537 873 596 δύο

73 624 168 702 ἄνδρες
201 624 390 694 ἐδυνάστευον,
419 623 595 700 Κλεισθένης
623 649 662 692 τε,
694 622 764 700 οἷνήρ
790 624 874 682 Ἀλκ-

73 714 228 789 μαιωνίδης,
250 714 340 789 ὅσπερ
362 713 395 787 δή
422 712 509 793 λόγον
530 712 587 790 ἐχει
609 711 661 787 τήν
682 712 791 787 Πυθίην
810 711 873 772 άνα-

73 804 178 873 πεῖσαι,
213 802 258 860 καὶ
286 799 436 880 Ἰσαγόρης
467 800 483 860 ό
512 799 676 878 Τισάνδρου,
709 800 796 876 οἰκίης
823 802 874 877 μέν

74 886 126 946 ἐιδν
147 888 269 965 δοκίμου,
295 888 364 965 ἀτάρ
391 888 426 947 τά
450 888 582 948 άνέκαθεν
606 887 655 947 ούκ
677 889 730 967 ἔχω
753 888 873 965 φράσαι·

74 975 174 1035 θύουσι
191 976 221 1035 δὲ
238 979 265 1036 οἱ
286 978 432 1058 συγγενέες
446 977 531 1037 αὐτοῦ
550 977 599 1037 Διί
612 979 718 1056 Καρίῳ.
759 975 836 1038 οὗτοι
846 981 873 1037 οἱ

73 1061 168 1141 ἅνδρες
188 1066 363 1124 ἐστασίασαν
382 1065 446 1141 περὶ
463 1065 601 1141 δυνάμιος·
623 1065 793 1142 ἑσσούμενος
811 1066 841 1125 δὲ
856 1065 873 1126 ό

74 1153 256 1228 Κλεισθένης,
272 1152 322 1212 τόν
343 1153 430 1229 δῆμον
450 1154 701 1229 προσεταιρίζεται.
742 1154 814 1230 μετά
834 1154 872 1224 δέ,

72 1240 264 1317 τετραφύλους
278 1240 373 1304 ἐόντας
385 1240 549 1317 Ἀθηναίους
564 1241 738 1316 δεκαφύλους
749 1243 872 1316 ἐποίησε,

72 1331 127 1386 τῶν
141 1326 236 1390 Ἴωνος
262 1329 375 1399 παίδων,
404 1330 554 1392 Γελέοντος
576 1330 622 1387 καὶ
641 1328 803 1408 Αἰγικόρεος
827 1329 873 1386 καὶ

73 1413 212 1493 Ἀργάδεω
229 1417 275 1473 καὶ
288 1415 443 1491 Ὅπλητος,
459 1415 625 1484 ἀπαλλάξας
644 1416 694 1477 τάς
711 1417 870 1490 ἐπωνυμίας,

75 1504 227 1579 ἐπιχωρίων
237 1502 258 1560 δ’
274 1504 371 1577 ἐτέρων
381 1503 476 1578 ήράων
487 1504 641 1576 ἐπωνυμίας
652 1503 774 1578 ἐξευρῶν,
785 1501 874 1578 πάρεξ

75 1590 201 1650 Αἴαντος·
222 1592 321 1647 τοῦτον
335 1589 365 1645 δέ
383 1588 432 1647 ἅτε
450 1588 633 1668 άστυγείτονα
652 1589 696 1646 καὶ
714 1589 871 1667 σύμμαχον,

76 1676 165 1744 ξεῖνον
189 1675 269 1734 ἐόντα
290 1676 455 1752 προσέθετο.
497 1680 591 1736 Ταῦτα
615 1676 652 1747 δέ,
677 1676 781 1736 δοκέειν
802 1677 871 1753 ἐμοὶ,
882 1679 920 1739 67

76 1764 204 1839 ἐμιμέετο
222 1762 238 1822 ό
258 1763 432 1838 Κλεισθένης
454 1762 533 1826 οὗτος
548 1762 597 1824 τόν
616 1769 715 1824 ἑωυτοῦ
729 1767 873 1843 μητροπά-

76 1877 154 1929 τορα,
170 1851 345 1911 Κλεισθένεα
359 1850 408 1910 τόν
422 1853 559 1916 Σικυῶνος
571 1853 713 1929 τύραννον·
734 1856 872 1915 Κλεισθέ-

76 1964 124 2013 νης
136 1938 191 2020 γάρ
205 1938 359 2019 Ἀργείοισι
372 1940 546 2016 πολεμήσας,
562 1945 644 2001 τοῦτο
665 1945 716 2019 μέν
728 1943 872 2022 ῥαψῳδούς
939 1933 951 1942 ’

74 2027 179 2085 ἐπαυσε
193 2025 223 2086 ἐν
236 2029 353 2089 Σικυῶνι
363 2026 545 2107 ἀγωνίζεσθαι
554 2033 609 2088 τῶν
621 2029 776 2106 Ὁμηρείων
787 2030 873 2090 ἐπέων

75 2114 171 2185 εἵνεκα,
186 2115 230 2175 ὅτι
247 2113 373 2195 Ἀργεῖοί
388 2142 418 2174 τε
438 2117 483 2174 καὶ
491 2113 598 2197 Ἀργος
614 2119 650 2175 τοὶ
667 2117 765 2175 πολλοὶ
781 2117 872 2178 πάντα

74 2203 216 2279 ύμνέαται·
237 2203 373 2272 τοῦτοδὲ,
392 2203 482 2282 ήρῷον
500 2204 555 2284 γάρ
569 2204 604 2280 ἦν
618 2201 664 2263 καὶ
681 2206 741 2265 ἐστι
760 2204 795 2265 ἐν
803 2205 873 2286 αὐτῇ

73 2295 109 2368 τῇ
129 2291 219 2372 άγορῇ
239 2294 293 2350 τῶν
315 2291 467 2354 Σικυωνίων
493 2291 651 2369 Ἀδρήστου
675 2294 726 2351 τοῦ
747 2297 871 2365 Ταλαοῦ,

73 2383 173 2439 τοῦτον
198 2377 357 2454 ἐπεθύμησε
382 2379 397 2438 ό
419 2380 602 2455 Κλεισθένης,
629 2381 709 2440 ἐόντα
735 2380 870 2463 Ἀργεῖον,

75 2468 208 2541 ἐκβαλεῖν
223 2471 252 2524 ἐκ
265 2470 316 2540 τῆς
333 2466 433 2544 χώρης·
449 2468 538 2527 ἐλθιδν
552 2468 581 2525 δέ
595 2473 623 2530 ἐς
637 2468 776 2544 Δελφούς,
791 2474 872 2548 ἐχρη

74 2552 240 2629 στηριάζετο
251 2558 275 2611 εἰ
285 2555 415 2632 ἐκβάλλῃ
425 2553 476 2615 τόν
481 2553 640 2630 Ἀδρηστον
650 2581 657 2624 ;
671 2555 690 2631 ἡ
701 2555 731 2615 δέ
741 2558 834 2633 Πυθίη
845 2562 872 2617 οἱ

73 2645 131 2720 χρᾷ
146 2645 236 2716 φᾶσα,
245 2638 406 2717 ’Ἄδρηστον
418 2644 469 2718 μὲν
484 2643 553 2702 εἶναι
567 2645 720 2706 Σικυωνίων
735 2646 871 2722 βασιλέα,

61 2728 177 2789 ’ἐκεῖνον
198 2730 228 2788 δὲ
248 2733 400 2806 λευστῆρα.
442 2731 501 2789 ἐπεὶ
539 2733 552 2788 ὲ
572 2730 587 2790 ό
609 2730 670 2795 θεός
690 2735 774 2792 τοῦτό
788 2760 821 2815 γε
840 2734 872 2793 ού

73 2817 232 2894 παρεδίδου,
254 2817 384 2878 ἀπελθόν
405 2819 497 2878 ὀπίσω
518 2820 661 2896 ἐφρόντιζε
683 2821 813 2900 μηχανήν
835 2825 872 2901 τῇ

74 2904 160 2968 αύτδς
173 2903 356 2982 όἊδρηστος
367 2906 569 2977 ἀπαλλάξεται·
584 2907 618 2970 ὥς
629 2909 660 2966 δέ
669 2912 695 2967 οἱ
706 2909 872 2985 ἐξευρῆσθαι

74 2993 173 3064 ἐδόκεε,
190 2997 303 3072 πέμψας
323 3000 350 3056 ἐς
370 2995 469 3070 Θήβας
487 2995 537 3058 τός
554 2997 688 3057 Βοιωτίας
706 2995 761 3070 ἐφη
781 2998 872 3055 θέλειν

74 3083 268 3162 ἐπαγαγέσθαι
287 3082 474 3144 Μελάνιππον
491 3083 541 3144 τόν
556 3081 717 3142 ’λστακοῖν
741 3081 818 3137 οἱδὶ
831 3087 897 3174 Q:

66 3171 150 3243 βαῖοι
171 3171 282 3230 ἔδοσαν·
311 3172 532 3254 ἐπαγαγόμενος
553 3173 589 3232 δέ
610 3170 626 3231 ὃ
645 3164 847 3262 maozim?
863 3178 922 3212 ‘tw

57 3255 257 3329 Μελάνιππον,
281 3262 403 3339 τέμενός
428 3267 458 3326 οἱ
478 3262 614 3334 ἀπέδεξε
634 3264 669 3320 ἐν
695 3252 780 3320 αύτῖι)
799 3269 849 3311 '³⁰³
867 3257 951 3311 ΜΨ
