<?xml version="1.0" encoding="UTF-8"?>
<!DOCTYPE html PUBLIC "-//W3C//DTD XHTML 1.0 Transitional//EN"
    "http://www.w3.org/TR/xhtml1/DTD/xhtml1-transitional.dtd">
<html xmlns="http://www.w3.org/1999/xhtml" xml:lang="en" lang="en">
 <head>
  <title>
</title>
<meta http-equiv="Content-Type" content="text/html;charset=utf-8" />
  <meta name='ocr-system' content='tesseract 3.04.00' />
  <meta name='ocr-capabilities' content='ocr_page ocr_carea ocr_par ocr_line ocrx_word'/>
</head>
<body>
  <div class='ocr_page' id='page_1' title='image "./recensuitjoseph01herogoog_0288.png"; bbox 0 0 2024 3450; ppageno 0'>
   <div class='ocr_carea' id='block_1_1' title="bbox 64 104 967 3346">
    <p class='ocr_par' dir='ltr' id='par_1_1' title="bbox 64 104 945 3346">
     <span class='ocr_line' id='line_1_1' title="bbox 80 104 891 176; baseline -0.011 -8"><span class='ocrx_word' id='word_1_1' title='bbox 80 104 230 176; x_wconf 77' lang='grc' dir='ltr'>ἰιι-ιιι]</span> <span class='ocrx_word' id='word_1_2' title='bbox 418 112 572 162; x_wconf 67' lang='lat' dir='ltr'><strong>omnm.</strong></span> <span class='ocrx_word' id='word_1_3' title='bbox 844 109 891 161; x_wconf 80' lang='grc' dir='ltr'>ιιι</span> 
     </span>
     <span class='ocr_line' id='line_1_2' title="bbox 89 188 890 272; baseline -0.006 -20"><span class='ocrx_word' id='word_1_4' title='bbox 89 194 129 272; x_wconf 83' lang='grc' dir='ltr'>μὴ</span> <span class='ocrx_word' id='word_1_5' title='bbox 153 193 182 252; x_wconf 82' lang='grc' dir='ltr'>δὲ</span> <span class='ocrx_word' id='word_1_6' title='bbox 209 191 294 267; x_wconf 95' lang='grc' dir='ltr'>ὑμέας</span> <span class='ocrx_word' id='word_1_7' title='bbox 318 189 502 266; x_wconf 84' lang='grc' dir='ltr'>Ἀλέξανδρος</span> <span class='ocrx_word' id='word_1_8' title='bbox 529 189 545 248; x_wconf 84' lang='grc' dir='ltr'>ὀ</span> <span class='ocrx_word' id='word_1_9' title='bbox 573 189 710 250; x_wconf 87' lang='grc' dir='ltr'>Μακεδῶν</span> <span class='ocrx_word' id='word_1_10' title='bbox 732 188 890 270; x_wconf 82' lang='grc' dir='ltr'>άναγνάοη,</span> 
     </span>
     <span class='ocr_line' id='line_1_3' title="bbox 91 276 891 360; baseline -0.004 -20"><span class='ocrx_word' id='word_1_11' title='bbox 91 279 192 360; x_wconf 78' lang='grc' dir='ltr'>λεήνας</span> <span class='ocrx_word' id='word_1_12' title='bbox 208 279 258 339; x_wconf 81' lang='grc' dir='ltr'>τόν</span> <span class='ocrx_word' id='word_1_13' title='bbox 280 278 441 354; x_wconf 80' lang='grc' dir='ltr'>Μαρδονίου</span> <span class='ocrx_word' id='word_1_14' title='bbox 457 276 555 357; x_wconf 89' lang='grc' dir='ltr'>λόγον·</span> <span class='ocrx_word' id='word_1_15' title='bbox 572 276 659 356; x_wconf 79' lang='grc' dir='ltr'>τούτῳ</span> <span class='ocrx_word' id='word_1_16' title='bbox 671 280 723 355; x_wconf 78' lang='grc' dir='ltr'>μὲν</span> <span class='ocrx_word' id='word_1_17' title='bbox 736 276 790 358; x_wconf 83' lang='grc' dir='ltr'>γάρ</span> <span class='ocrx_word' id='word_1_18' title='bbox 803 283 891 339; x_wconf 85' lang='grc' dir='ltr'>ταῦτα</span> 
     </span>
     <span class='ocr_line' id='line_1_4' title="bbox 91 363 891 446; baseline -0.003 -20"><span class='ocrx_word' id='word_1_19' title='bbox 91 368 208 444; x_wconf 84' lang='grc' dir='ltr'>ποιητέα</span> <span class='ocrx_word' id='word_1_20' title='bbox 216 367 287 426; x_wconf 88' lang='grc' dir='ltr'>ἐστί·</span> <span class='ocrx_word' id='word_1_21' title='bbox 300 365 431 443; x_wconf 81' lang='grc' dir='ltr'>τύραννος</span> <span class='ocrx_word' id='word_1_22' title='bbox 439 363 494 446; x_wconf 84' lang='grc' dir='ltr'>γάρ</span> <span class='ocrx_word' id='word_1_23' title='bbox 506 364 557 425; x_wconf 90' lang='grc' dir='ltr'>ε’ῶν</span> <span class='ocrx_word' id='word_1_24' title='bbox 570 364 691 443; x_wconf 82' lang='grc' dir='ltr'>τυράννῳ</span> <span class='ocrx_word' id='word_1_25' title='bbox 703 365 891 446; x_wconf 90' lang='grc' dir='ltr'>συγκατεργά-</span> 
     </span>
     <span class='ocr_line' id='line_1_5' title="bbox 92 450 891 535; baseline -0.003 -20"><span class='ocrx_word' id='word_1_26' title='bbox 92 456 176 528; x_wconf 82' lang='grc' dir='ltr'>ζεται·</span> <span class='ocrx_word' id='word_1_27' title='bbox 203 453 269 531; x_wconf 81' lang='grc' dir='ltr'>ὑμῖν</span> <span class='ocrx_word' id='word_1_28' title='bbox 290 454 321 514; x_wconf 86' lang='grc' dir='ltr'>δέ</span> <span class='ocrx_word' id='word_1_29' title='bbox 339 479 372 535; x_wconf 92' lang='grc' dir='ltr'>γε</span> <span class='ocrx_word' id='word_1_30' title='bbox 393 452 425 512; x_wconf 85' lang='grc' dir='ltr'>οὑ</span> <span class='ocrx_word' id='word_1_31' title='bbox 445 452 570 528; x_wconf 75' lang='grc' dir='ltr'>ποιητέα,</span> <span class='ocrx_word' id='word_1_32' title='bbox 595 452 671 527; x_wconf 82' lang='grc' dir='ltr'>εἴπερ</span> <span class='ocrx_word' id='word_1_33' title='bbox 692 450 721 509; x_wconf 85' lang='grc' dir='ltr'>εὑ</span> <span class='ocrx_word' id='word_1_34' title='bbox 741 454 891 532; x_wconf 80' lang='grc' dir='ltr'>τυγχάνετε</span> 
     </span>
     <span class='ocr_line' id='line_1_6' title="bbox 94 537 892 619; baseline -0.003 -18"><span class='ocrx_word' id='word_1_35' title='bbox 94 542 266 619; x_wconf 84' lang='grc' dir='ltr'>φρονέοντες,</span> <span class='ocrx_word' id='word_1_36' title='bbox 283 540 496 617; x_wconf 88' lang='grc' dir='ltr'>ἐπισταμένοισι</span> <span class='ocrx_word' id='word_1_37' title='bbox 512 539 547 602; x_wconf 85' lang='grc' dir='ltr'>ῶς</span> <span class='ocrx_word' id='word_1_38' title='bbox 562 537 743 615; x_wconf 81' lang='grc' dir='ltr'>βαρβάροισί</span> <span class='ocrx_word' id='word_1_39' title='bbox 755 544 815 598; x_wconf 88' lang='grc' dir='ltr'>ἐστι</span> <span class='ocrx_word' id='word_1_40' title='bbox 829 539 892 599; x_wconf 78' lang='grc' dir='ltr'>οὕτε</span> 
     </span>
     <span class='ocr_line' id='line_1_7' title="bbox 93 625 892 705; baseline -0.004 -18"><span class='ocrx_word' id='word_1_41' title='bbox 93 629 196 690; x_wconf 84' lang='grc' dir='ltr'>πιστὸν</span> <span class='ocrx_word' id='word_1_42' title='bbox 209 628 272 689; x_wconf 81' lang='grc' dir='ltr'>οὔτε</span> <span class='ocrx_word' id='word_1_43' title='bbox 283 627 385 704; x_wconf 83' lang='grc' dir='ltr'>άληθές</span> <span class='ocrx_word' id='word_1_44' title='bbox 395 626 499 687; x_wconf 86' lang='grc' dir='ltr'>οὑδέν.”</span> <span class='ocrx_word' id='word_1_45' title='bbox 518 630 607 686; x_wconf 86' lang='grc' dir='ltr'>ταῦτα</span> <span class='ocrx_word' id='word_1_46' title='bbox 618 626 714 694; x_wconf 78' lang='grc' dir='ltr'>ἔλεξαν</span> <span class='ocrx_word' id='word_1_47' title='bbox 728 628 755 683; x_wconf 80' lang='grc' dir='ltr'>οἱ</span> <span class='ocrx_word' id='word_1_48' title='bbox 767 625 892 705; x_wconf 87' lang='grc' dir='ltr'>άγγελοι.</span> 
     </span>
     <span class='ocr_line' id='line_1_8' title="bbox 134 705 940 793; baseline -0.005 -17"><span class='ocrx_word' id='word_1_49' title='bbox 134 717 277 792; x_wconf 82' lang='grc' dir='ltr'>Ἀθηναῖοι</span> <span class='ocrx_word' id='word_1_50' title='bbox 299 716 328 776; x_wconf 77' lang='grc' dir='ltr'>δὲ</span> <span class='ocrx_word' id='word_1_51' title='bbox 348 715 419 793; x_wconf 77' lang='grc' dir='ltr'>πρὸς</span> <span class='ocrx_word' id='word_1_52' title='bbox 431 717 482 791; x_wconf 78' lang='grc' dir='ltr'>μὲν</span> <span class='ocrx_word' id='word_1_53' title='bbox 494 714 680 790; x_wconf 76' lang='grc' dir='ltr'>Ἀλέξανδρον</span> <span class='ocrx_word' id='word_1_54' title='bbox 694 705 873 790; x_wconf 87' lang='grc' dir='ltr'>ὑπεκρίναντο</span> <span class='ocrx_word' id='word_1_55' title='bbox 883 715 940 774; x_wconf 78' lang='grc'>148</span> 
     </span>
     <span class='ocr_line' id='line_1_9' title="bbox 95 800 894 884; baseline -0.001 -23"><span class='ocrx_word' id='word_1_56' title='bbox 95 804 168 861; x_wconf 87' lang='grc' dir='ltr'>τάδε·</span> <span class='ocrx_word' id='word_1_57' title='bbox 190 803 255 861; x_wconf 87' lang='grc' dir='ltr'>“καὶ</span> <span class='ocrx_word' id='word_1_58' title='bbox 279 802 359 862; x_wconf 79' lang='grc' dir='ltr'>αὐτοὶ</span> <span class='ocrx_word' id='word_1_59' title='bbox 374 803 458 864; x_wconf 83' lang='grc' dir='ltr'>τοῦτό</span> <span class='ocrx_word' id='word_1_60' title='bbox 474 830 507 884; x_wconf 89' lang='grc' dir='ltr'>γε</span> <span class='ocrx_word' id='word_1_61' title='bbox 527 801 709 878; x_wconf 82' lang='grc' dir='ltr'>ἐπιστάμεθα,</span> <span class='ocrx_word' id='word_1_62' title='bbox 724 800 768 860; x_wconf 79' lang='grc' dir='ltr'>ὅτι</span> <span class='ocrx_word' id='word_1_63' title='bbox 784 805 894 860; x_wconf 89' lang='grc' dir='ltr'>πολλα-</span> 
     </span>
     <span class='ocr_line' id='line_1_10' title="bbox 95 888 893 971; baseline 0.001 -24"><span class='ocrx_word' id='word_1_64' title='bbox 95 891 204 965; x_wconf 89' lang='grc' dir='ltr'>πλησίη</span> <span class='ocrx_word' id='word_1_65' title='bbox 226 891 287 950; x_wconf 86' lang='grc' dir='ltr'>ἐστὶ</span> <span class='ocrx_word' id='word_1_66' title='bbox 307 894 345 970; x_wconf 80' lang='grc' dir='ltr'>τῷ</span> <span class='ocrx_word' id='word_1_67' title='bbox 366 891 454 971; x_wconf 86' lang='grc' dir='ltr'>Μήδῳ</span> <span class='ocrx_word' id='word_1_68' title='bbox 475 891 588 968; x_wconf 80' lang='grc' dir='ltr'>δύναμις</span> <span class='ocrx_word' id='word_1_69' title='bbox 613 889 685 967; x_wconf 85' lang='grc' dir='ltr'>ἦπερ</span> <span class='ocrx_word' id='word_1_70' title='bbox 698 888 788 966; x_wconf 79' lang='grc' dir='ltr'>ἡμῖν·</span> <span class='ocrx_word' id='word_1_71' title='bbox 820 888 893 948; x_wconf 80' lang='grc' dir='ltr'>ὥστε</span> 
     </span>
     <span class='ocr_line' id='line_1_11' title="bbox 96 977 895 1059; baseline 0.006 -24"><span class='ocrx_word' id='word_1_72' title='bbox 96 978 173 1038; x_wconf 75' lang='grc' dir='ltr'>οὐδὲν</span> <span class='ocrx_word' id='word_1_73' title='bbox 186 979 240 1038; x_wconf 87' lang='grc' dir='ltr'>δέει</span> <span class='ocrx_word' id='word_1_74' title='bbox 258 978 341 1040; x_wconf 80' lang='grc' dir='ltr'>τοῦτό</span> <span class='ocrx_word' id='word_1_75' title='bbox 354 1006 388 1059; x_wconf 89' lang='grc' dir='ltr'>γε</span> <span class='ocrx_word' id='word_1_76' title='bbox 401 979 550 1052; x_wconf 81' lang='grc' dir='ltr'>ὀνειδίζειν·</span> <span class='ocrx_word' id='word_1_77' title='bbox 572 977 637 1038; x_wconf 76' lang='grc' dir='ltr'>ἀλλ’</span> <span class='ocrx_word' id='word_1_78' title='bbox 651 977 724 1053; x_wconf 86' lang='grc' dir='ltr'>ὅμως</span> <span class='ocrx_word' id='word_1_79' title='bbox 738 977 895 1055; x_wconf 78' lang='grc' dir='ltr'>ἐλευθερίης</span> 
     </span>
     <span class='ocr_line' id='line_1_12' title="bbox 95 1065 894 1145; baseline 0 -21"><span class='ocrx_word' id='word_1_80' title='bbox 95 1066 259 1145; x_wconf 78' lang='grc' dir='ltr'>γλιχόμενοι</span> <span class='ocrx_word' id='word_1_81' title='bbox 279 1065 454 1145; x_wconf 72' lang='grc' dir='ltr'>ἀμυνεύμεθα</span> <span class='ocrx_word' id='word_1_82' title='bbox 468 1066 537 1128; x_wconf 81' lang='grc' dir='ltr'>οὑτω</span> <span class='ocrx_word' id='word_1_83' title='bbox 551 1066 620 1130; x_wconf 85' lang='grc' dir='ltr'>ὅκως</span> <span class='ocrx_word' id='word_1_84' title='bbox 633 1065 666 1126; x_wconf 87' lang='grc' dir='ltr'>άν</span> <span class='ocrx_word' id='word_1_85' title='bbox 680 1068 726 1126; x_wconf 85' lang='grc' dir='ltr'>καὶ</span> <span class='ocrx_word' id='word_1_86' title='bbox 742 1065 894 1144; x_wconf 80' lang='grc' dir='ltr'>δυνάμεθα·</span> 
     </span>
     <span class='ocr_line' id='line_1_13' title="bbox 96 1153 895 1236; baseline 0 -25"><span class='ocrx_word' id='word_1_87' title='bbox 96 1153 275 1235; x_wconf 75' lang='grc' dir='ltr'>ὁμολογῆσαι</span> <span class='ocrx_word' id='word_1_88' title='bbox 296 1155 325 1221; x_wconf 85' lang='grc' dir='ltr'>δέ</span> <span class='ocrx_word' id='word_1_89' title='bbox 345 1160 384 1235; x_wconf 77' lang='grc' dir='ltr'>τῷ</span> <span class='ocrx_word' id='word_1_90' title='bbox 403 1155 543 1236; x_wconf 79' lang='grc' dir='ltr'>βαρβάρῳ</span> <span class='ocrx_word' id='word_1_91' title='bbox 564 1155 636 1233; x_wconf 89' lang='grc' dir='ltr'>μὴτε</span> <span class='ocrx_word' id='word_1_92' title='bbox 653 1155 690 1214; x_wconf 85' lang='grc' dir='ltr'>σὺ</span> <span class='ocrx_word' id='word_1_93' title='bbox 705 1154 794 1229; x_wconf 82' lang='grc' dir='ltr'>ἡμέας</span> <span class='ocrx_word' id='word_1_94' title='bbox 810 1157 895 1230; x_wconf 91' lang='grc' dir='ltr'>πειρῶ</span> 
     </span>
     <span class='ocr_line' id='line_1_14' title="bbox 95 1241 895 1321; baseline -0.001 -21"><span class='ocrx_word' id='word_1_95' title='bbox 95 1241 260 1313; x_wconf 73' lang='grc' dir='ltr'>ἀναπείθειν,</span> <span class='ocrx_word' id='word_1_96' title='bbox 275 1242 338 1304; x_wconf 79' lang='grc' dir='ltr'>οὔτε</span> <span class='ocrx_word' id='word_1_97' title='bbox 348 1243 430 1321; x_wconf 88' lang='grc' dir='ltr'>ἡμέες</span> <span class='ocrx_word' id='word_1_98' title='bbox 440 1243 606 1319; x_wconf 85' lang='grc' dir='ltr'>πεισόμεθα.</span> <span class='ocrx_word' id='word_1_99' title='bbox 633 1247 682 1303; x_wconf 81' lang='grc' dir='ltr'>νῦν</span> <span class='ocrx_word' id='word_1_100' title='bbox 692 1242 721 1300; x_wconf 82' lang='grc' dir='ltr'>δὲ</span> <span class='ocrx_word' id='word_1_101' title='bbox 731 1241 895 1321; x_wconf 76' lang='grc' dir='ltr'>ἀπάγγελλε</span> 
     </span>
     <span class='ocr_line' id='line_1_15' title="bbox 97 1326 896 1412; baseline -0.001 -24"><span class='ocrx_word' id='word_1_102' title='bbox 97 1332 252 1410; x_wconf 87' lang='grc' dir='ltr'>Μαρδονίῳ,</span> <span class='ocrx_word' id='word_1_103' title='bbox 267 1330 302 1394; x_wconf 78' lang='grc' dir='ltr'>ὦς</span> <span class='ocrx_word' id='word_1_104' title='bbox 314 1329 458 1407; x_wconf 82' lang='grc' dir='ltr'>Ἀθηναῖοι</span> <span class='ocrx_word' id='word_1_105' title='bbox 468 1333 594 1412; x_wconf 87' lang='grc' dir='ltr'>λέγουσι,</span> <span class='ocrx_word' id='word_1_106' title='bbox 609 1328 666 1389; x_wconf 80' lang='grc' dir='ltr'>ἔστ’</span> <span class='ocrx_word' id='word_1_107' title='bbox 679 1326 713 1387; x_wconf 81' lang='grc' dir='ltr'>άν</span> <span class='ocrx_word' id='word_1_108' title='bbox 726 1328 743 1388; x_wconf 86' lang='grc' dir='ltr'>ὑ</span> <span class='ocrx_word' id='word_1_109' title='bbox 756 1328 837 1403; x_wconf 86' lang='grc' dir='ltr'>ἥλιος</span> <span class='ocrx_word' id='word_1_110' title='bbox 844 1327 896 1402; x_wconf 72' lang='grc' dir='ltr'>τὴν</span> 
     </span>
     <span class='ocr_line' id='line_1_16' title="bbox 97 1414 896 1496; baseline -0.003 -22"><span class='ocrx_word' id='word_1_111' title='bbox 97 1417 182 1491; x_wconf 86' lang='grc' dir='ltr'>αὑτὴν</span> <span class='ocrx_word' id='word_1_112' title='bbox 195 1417 259 1477; x_wconf 78' lang='grc' dir='ltr'>ὁδόν</span> <span class='ocrx_word' id='word_1_113' title='bbox 273 1419 301 1495; x_wconf 83' lang='grc' dir='ltr'>ἷη</span> <span class='ocrx_word' id='word_1_114' title='bbox 314 1422 403 1496; x_wconf 78' lang='grc' dir='ltr'>τῇπερ</span> <span class='ocrx_word' id='word_1_115' title='bbox 418 1418 464 1476; x_wconf 83' lang='grc' dir='ltr'>καὶ</span> <span class='ocrx_word' id='word_1_116' title='bbox 481 1422 529 1477; x_wconf 81' lang='grc' dir='ltr'>νῦν</span> <span class='ocrx_word' id='word_1_117' title='bbox 545 1419 662 1495; x_wconf 83' lang='grc' dir='ltr'>ἔρχεται,</span> <span class='ocrx_word' id='word_1_118' title='bbox 676 1414 781 1492; x_wconf 86' lang='grc' dir='ltr'>μήκοτε</span> <span class='ocrx_word' id='word_1_119' title='bbox 793 1414 896 1491; x_wconf 80' lang='grc' dir='ltr'>ὁμολο-</span> 
     </span>
     <span class='ocr_line' id='line_1_17' title="bbox 96 1503 896 1583; baseline 0 -22"><span class='ocrx_word' id='word_1_120' title='bbox 96 1503 195 1581; x_wconf 78' lang='grc' dir='ltr'>γήσειν</span> <span class='ocrx_word' id='word_1_121' title='bbox 215 1503 302 1579; x_wconf 81' lang='grc' dir='ltr'>ἡμέας</span> <span class='ocrx_word' id='word_1_122' title='bbox 322 1505 422 1583; x_wconf 75' lang='grc' dir='ltr'>Ξέρξη·</span> <span class='ocrx_word' id='word_1_123' title='bbox 450 1503 528 1563; x_wconf 78' lang='grc' dir='ltr'>ἀλλά</span> <span class='ocrx_word' id='word_1_124' title='bbox 549 1503 642 1565; x_wconf 87' lang='grc' dir='ltr'>θεοῖσί</span> <span class='ocrx_word' id='word_1_125' title='bbox 665 1528 697 1562; x_wconf 85' lang='grc' dir='ltr'>τε</span> <span class='ocrx_word' id='word_1_126' title='bbox 711 1503 896 1582; x_wconf 82' lang='grc' dir='ltr'>συμμάχοισι</span> 
     </span>
     <span class='ocr_line' id='line_1_18' title="bbox 97 1589 896 1667; baseline 0.004 -20"><span class='ocrx_word' id='word_1_127' title='bbox 97 1590 212 1648; x_wconf 90' lang='grc' dir='ltr'>πίσυνοί</span> <span class='ocrx_word' id='word_1_128' title='bbox 228 1616 277 1667; x_wconf 93' lang='grc' dir='ltr'>μιν</span> <span class='ocrx_word' id='word_1_129' title='bbox 298 1592 424 1667; x_wconf 79' lang='grc' dir='ltr'>ἐπέξιμεν</span> <span class='ocrx_word' id='word_1_130' title='bbox 445 1589 613 1667; x_wconf 75' lang='grc' dir='ltr'>ἀμυνόμενοι</span> <span class='ocrx_word' id='word_1_131' title='bbox 635 1591 681 1649; x_wconf 85' lang='grc' dir='ltr'>καὶ</span> <span class='ocrx_word' id='word_1_132' title='bbox 700 1592 776 1650; x_wconf 82' lang='grc' dir='ltr'>τοῖσι</span> <span class='ocrx_word' id='word_1_133' title='bbox 796 1589 896 1667; x_wconf 84' lang='grc' dir='ltr'>ἥρωσι·</span> 
     </span>
     <span class='ocr_line' id='line_1_19' title="bbox 98 1677 898 1758; baseline 0.003 -23"><span class='ocrx_word' id='word_1_134' title='bbox 98 1680 151 1735; x_wconf 90' lang='grc' dir='ltr'>τῶν</span> <span class='ocrx_word' id='word_1_135' title='bbox 172 1681 273 1741; x_wconf 84' lang='grc' dir='ltr'>ἐκεῖνος</span> <span class='ocrx_word' id='word_1_136' title='bbox 293 1677 422 1756; x_wconf 75' lang='grc' dir='ltr'>οὐδεμίαν</span> <span class='ocrx_word' id='word_1_137' title='bbox 444 1677 507 1738; x_wconf 85' lang='grc' dir='ltr'>ὄπιν</span> <span class='ocrx_word' id='word_1_138' title='bbox 528 1679 605 1758; x_wconf 82' lang='grc' dir='ltr'>ἔχων,</span> <span class='ocrx_word' id='word_1_139' title='bbox 628 1679 763 1755; x_wconf 83' lang='grc' dir='ltr'>ἐνέπρησε</span> <span class='ocrx_word' id='word_1_140' title='bbox 783 1677 847 1740; x_wconf 84' lang='grc' dir='ltr'>τοὺς</span> <span class='ocrx_word' id='word_1_141' title='bbox 866 1702 898 1737; x_wconf 86' lang='grc' dir='ltr'>τε</span> 
     </span>
     <span class='ocr_line' id='line_1_20' title="bbox 99 1766 898 1847; baseline 0.01 -25"><span class='ocrx_word' id='word_1_142' title='bbox 99 1766 188 1827; x_wconf 82' lang='grc' dir='ltr'>οἴκους</span> <span class='ocrx_word' id='word_1_143' title='bbox 206 1766 251 1824; x_wconf 78' lang='grc' dir='ltr'>καὶ</span> <span class='ocrx_word' id='word_1_144' title='bbox 267 1766 303 1826; x_wconf 80' lang='grc' dir='ltr'>τά</span> <span class='ocrx_word' id='word_1_145' title='bbox 321 1766 481 1847; x_wconf 87' lang='grc' dir='ltr'>άγάλματα.</span> <span class='ocrx_word' id='word_1_146' title='bbox 523 1767 561 1826; x_wconf 87' lang='grc' dir='ltr'>σὺ</span> <span class='ocrx_word' id='word_1_147' title='bbox 574 1772 666 1828; x_wconf 86' lang='grc' dir='ltr'>τετοῦ</span> <span class='ocrx_word' id='word_1_148' title='bbox 680 1771 782 1826; x_wconf 82' lang='grc' dir='ltr'>λοιποῦ</span> <span class='ocrx_word' id='word_1_149' title='bbox 795 1766 898 1847; x_wconf 79' lang='grc' dir='ltr'>λόγους</span> 
     </span>
     <span class='ocr_line' id='line_1_21' title="bbox 98 1852 898 1934; baseline 0.004 -23"><span class='ocrx_word' id='word_1_150' title='bbox 98 1852 166 1934; x_wconf 77' lang='grc' dir='ltr'>ἔχων</span> <span class='ocrx_word' id='word_1_151' title='bbox 176 1853 303 1912; x_wconf 77' lang='grc' dir='ltr'>τοιούσδε</span> <span class='ocrx_word' id='word_1_152' title='bbox 313 1854 353 1930; x_wconf 84' lang='grc' dir='ltr'>μὴ</span> <span class='ocrx_word' id='word_1_153' title='bbox 365 1856 510 1930; x_wconf 77' lang='grc' dir='ltr'>ἐπιφαίνεο</span> <span class='ocrx_word' id='word_1_154' title='bbox 519 1855 703 1932; x_wconf 88' lang='grc' dir='ltr'>Ἀθηναίοισι,</span> <span class='ocrx_word' id='word_1_155' title='bbox 714 1856 784 1932; x_wconf 74' lang='grc' dir='ltr'>μηδὲ</span> <span class='ocrx_word' id='word_1_156' title='bbox 797 1855 898 1915; x_wconf 84' lang='grc' dir='ltr'>δοκέων</span> 
     </span>
     <span class='ocr_line' id='line_1_22' title="bbox 96 1940 898 2022; baseline 0.002 -22"><span class='ocrx_word' id='word_1_157' title='bbox 96 1941 210 2018; x_wconf 81' lang='grc' dir='ltr'>χρηστά</span> <span class='ocrx_word' id='word_1_158' title='bbox 229 1940 391 2022; x_wconf 71' lang='grc' dir='ltr'>ὑπουργέειν</span> <span class='ocrx_word' id='word_1_159' title='bbox 415 1941 554 2020; x_wconf 79' lang='grc' dir='ltr'>ἀθέμιστα</span> <span class='ocrx_word' id='word_1_160' title='bbox 582 1944 668 2022; x_wconf 80' lang='grc' dir='ltr'>ἔρδειν</span> <span class='ocrx_word' id='word_1_161' title='bbox 694 1945 833 2020; x_wconf 79' lang='grc' dir='ltr'>παραίνεε·</span> <span class='ocrx_word' id='word_1_162' title='bbox 864 1941 898 2002; x_wconf 85' lang='grc' dir='ltr'>οὑ</span> 
     </span>
     <span class='ocr_line' id='line_1_23' title="bbox 97 2028 897 2110; baseline 0.003 -24"><span class='ocrx_word' id='word_1_163' title='bbox 97 2028 151 2107; x_wconf 87' lang='grc' dir='ltr'>γάρ</span> <span class='ocrx_word' id='word_1_164' title='bbox 178 2053 213 2087; x_wconf 92' lang='grc' dir='ltr'>σε</span> <span class='ocrx_word' id='word_1_165' title='bbox 238 2029 404 2106; x_wconf 81' lang='grc' dir='ltr'>βουλόμεθα</span> <span class='ocrx_word' id='word_1_166' title='bbox 432 2029 510 2090; x_wconf 83' lang='grc' dir='ltr'>οὑδέν</span> <span class='ocrx_word' id='word_1_167' title='bbox 539 2031 624 2110; x_wconf 87' lang='grc' dir='ltr'>άχαρι</span> <span class='ocrx_word' id='word_1_168' title='bbox 650 2030 720 2107; x_wconf 79' lang='grc' dir='ltr'>πρός</span> <span class='ocrx_word' id='word_1_169' title='bbox 745 2029 897 2104; x_wconf 85' lang='grc' dir='ltr'>Ἀθηναίων</span> 
     </span>
     <span class='ocr_line' id='line_1_24' title="bbox 97 2116 945 2202; baseline 0.002 -28"><span class='ocrx_word' id='word_1_170' title='bbox 97 2117 217 2191; x_wconf 88' lang='grc' dir='ltr'>παθέειν,</span> <span class='ocrx_word' id='word_1_171' title='bbox 234 2116 314 2177; x_wconf 88' lang='grc' dir='ltr'>ἐόντα</span> <span class='ocrx_word' id='word_1_172' title='bbox 326 2116 472 2202; x_wconf 75' lang='grc' dir='ltr'>πρόξεινόν</span> <span class='ocrx_word' id='word_1_173' title='bbox 484 2144 515 2177; x_wconf 86' lang='grc' dir='ltr'>τε</span> <span class='ocrx_word' id='word_1_174' title='bbox 529 2119 575 2177; x_wconf 83' lang='grc' dir='ltr'>καὶ</span> <span class='ocrx_word' id='word_1_175' title='bbox 589 2116 702 2194; x_wconf 78' lang='grc' dir='ltr'>φίλον.”</span> <span class='ocrx_word' id='word_1_176' title='bbox 736 2116 814 2194; x_wconf 81' lang='grc' dir='ltr'>Πρός</span> <span class='ocrx_word' id='word_1_177' title='bbox 826 2118 877 2191; x_wconf 86' lang='grc' dir='ltr'>μ’ἐν</span> <span class='ocrx_word' id='word_1_178' title='bbox 888 2117 945 2176; x_wconf 75' lang='grc'>144</span> 
     </span>
     <span class='ocr_line' id='line_1_25' title="bbox 96 2201 898 2283; baseline 0 -22"><span class='ocrx_word' id='word_1_179' title='bbox 96 2202 281 2282; x_wconf 80' lang='grc' dir='ltr'>Ἀλέξανδρον</span> <span class='ocrx_word' id='word_1_180' title='bbox 296 2208 384 2283; x_wconf 76' lang='grc' dir='ltr'>ταῦτα</span> <span class='ocrx_word' id='word_1_181' title='bbox 401 2205 591 2283; x_wconf 88' lang='grc' dir='ltr'>ὑπεκρίναντο·</span> <span class='ocrx_word' id='word_1_182' title='bbox 616 2203 687 2281; x_wconf 82' lang='grc' dir='ltr'>πρός</span> <span class='ocrx_word' id='word_1_183' title='bbox 708 2205 738 2264; x_wconf 86' lang='grc' dir='ltr'>δέ</span> <span class='ocrx_word' id='word_1_184' title='bbox 758 2202 822 2266; x_wconf 84' lang='grc' dir='ltr'>τοὺς</span> <span class='ocrx_word' id='word_1_185' title='bbox 842 2201 898 2263; x_wconf 83' lang='grc' dir='ltr'>άπὺ</span> 
     </span>
     <span class='ocr_line' id='line_1_26' title="bbox 98 2291 897 2374; baseline -0.006 -20"><span class='ocrx_word' id='word_1_186' title='bbox 98 2293 227 2369; x_wconf 76' lang='grc' dir='ltr'>Σπάρτης</span> <span class='ocrx_word' id='word_1_187' title='bbox 237 2293 375 2374; x_wconf 87' lang='grc' dir='ltr'>α’γγέλους</span> <span class='ocrx_word' id='word_1_188' title='bbox 384 2292 459 2353; x_wconf 85' lang='grc' dir='ltr'>τάδε·</span> <span class='ocrx_word' id='word_1_189' title='bbox 481 2303 499 2328; x_wconf 89' lang='grc'><strong>“</strong></span> <span class='ocrx_word' id='word_1_190' title='bbox 508 2292 541 2353; x_wconf 77' lang='grc' dir='ltr'>τά</span> <span class='ocrx_word' id='word_1_191' title='bbox 554 2297 606 2371; x_wconf 82' lang='grc' dir='ltr'>μὲν</span> <span class='ocrx_word' id='word_1_192' title='bbox 620 2293 712 2352; x_wconf 82' lang='grc' dir='ltr'>δεῖσαι</span> <span class='ocrx_word' id='word_1_193' title='bbox 725 2291 897 2368; x_wconf 82' lang='grc' dir='ltr'>Λακεδαιμο-</span> 
     </span>
     <span class='ocr_line' id='line_1_27' title="bbox 97 2378 898 2462; baseline 0.001 -24"><span class='ocrx_word' id='word_1_194' title='bbox 97 2380 170 2443; x_wconf 90' lang='grc' dir='ltr'>νίους</span> <span class='ocrx_word' id='word_1_195' title='bbox 185 2381 225 2458; x_wconf 81' lang='grc' dir='ltr'>μὴ</span> <span class='ocrx_word' id='word_1_196' title='bbox 244 2381 466 2462; x_wconf 73' lang='grc' dir='ltr'>ὁμολογήσωμεν</span> <span class='ocrx_word' id='word_1_197' title='bbox 479 2385 519 2461; x_wconf 76' lang='grc' dir='ltr'>τῷ</span> <span class='ocrx_word' id='word_1_198' title='bbox 530 2380 679 2460; x_wconf 89' lang='grc' dir='ltr'>βαρβάρῳ,</span> <span class='ocrx_word' id='word_1_199' title='bbox 694 2379 782 2458; x_wconf 89' lang='grc' dir='ltr'>κάρτα</span> <span class='ocrx_word' id='word_1_200' title='bbox 795 2378 898 2456; x_wconf 83' lang='grc' dir='ltr'>ἅνθρω-</span> 
     </span>
     <span class='ocr_line' id='line_1_28' title="bbox 98 2466 896 2550; baseline 0.001 -25"><span class='ocrx_word' id='word_1_201' title='bbox 98 2468 179 2540; x_wconf 83' lang='grc' dir='ltr'>πὴϊον</span> <span class='ocrx_word' id='word_1_202' title='bbox 199 2467 243 2541; x_wconf 81' lang='grc' dir='ltr'>ἡν·</span> <span class='ocrx_word' id='word_1_203' title='bbox 271 2468 341 2546; x_wconf 84' lang='grc' dir='ltr'>άτάρ</span> <span class='ocrx_word' id='word_1_204' title='bbox 362 2473 486 2548; x_wconf 79' lang='grc' dir='ltr'>αἰσχρῶς</span> <span class='ocrx_word' id='word_1_205' title='bbox 505 2495 538 2550; x_wconf 91' lang='grc' dir='ltr'>γε</span> <span class='ocrx_word' id='word_1_206' title='bbox 559 2469 660 2537; x_wconf 84' lang='grc' dir='ltr'>οἴκατε,</span> <span class='ocrx_word' id='word_1_207' title='bbox 686 2466 896 2545; x_wconf 79' lang='grc' dir='ltr'>ἐξεπιστάμενοι</span> 
     </span>
     <span class='ocr_line' id='line_1_29' title="bbox 97 2554 899 2634; baseline 0.002 -23"><span class='ocrx_word' id='word_1_208' title='bbox 97 2558 151 2611; x_wconf 91' lang='grc' dir='ltr'>τῶν</span> <span class='ocrx_word' id='word_1_209' title='bbox 171 2554 324 2629; x_wconf 88' lang='grc' dir='ltr'>Ἀθηναίων</span> <span class='ocrx_word' id='word_1_210' title='bbox 344 2556 378 2616; x_wconf 79' lang='grc' dir='ltr'>τά</span> <span class='ocrx_word' id='word_1_211' title='bbox 401 2557 540 2633; x_wconf 87' lang='grc' dir='ltr'>φρόνημα,</span> <span class='ocrx_word' id='word_1_212' title='bbox 564 2555 734 2634; x_wconf 82' lang='grc' dir='ltr'>ἀρρωδῆσαι·</span> <span class='ocrx_word' id='word_1_213' title='bbox 765 2554 808 2615; x_wconf 82' lang='grc' dir='ltr'>ὅτι</span> <span class='ocrx_word' id='word_1_214' title='bbox 835 2554 899 2614; x_wconf 81' lang='grc' dir='ltr'>οὔτε</span> 
     </span>
     <span class='ocr_line' id='line_1_30' title="bbox 96 2640 897 2724; baseline 0.002 -26"><span class='ocrx_word' id='word_1_215' title='bbox 96 2640 202 2718; x_wconf 89' lang='grc' dir='ltr'>χρυσός</span> <span class='ocrx_word' id='word_1_216' title='bbox 216 2647 277 2701; x_wconf 86' lang='grc' dir='ltr'>ἐστι</span> <span class='ocrx_word' id='word_1_217' title='bbox 289 2648 342 2724; x_wconf 87' lang='grc' dir='ltr'>γὴς</span> <span class='ocrx_word' id='word_1_218' title='bbox 363 2643 497 2720; x_wconf 76' lang='grc' dir='ltr'>οὐδαμόθι</span> <span class='ocrx_word' id='word_1_219' title='bbox 514 2648 650 2706; x_wconf 77' lang='grc' dir='ltr'>τοσοῦτος</span> <span class='ocrx_word' id='word_1_220' title='bbox 663 2642 726 2702; x_wconf 73' lang='grc' dir='ltr'>οὔτε</span> <span class='ocrx_word' id='word_1_221' title='bbox 739 2643 816 2722; x_wconf 90' lang='grc' dir='ltr'>χῶρη</span> <span class='ocrx_word' id='word_1_222' title='bbox 831 2643 897 2701; x_wconf 85' lang='grc' dir='ltr'>κάλ-</span> 
     </span>
     <span class='ocr_line' id='line_1_31' title="bbox 97 2728 897 2811; baseline 0.003 -25"><span class='ocrx_word' id='word_1_223' title='bbox 97 2734 142 2787; x_wconf 81' lang='grc' dir='ltr'>λεϊ</span> <span class='ocrx_word' id='word_1_224' title='bbox 156 2729 201 2787; x_wconf 85' lang='grc' dir='ltr'>καὶ</span> <span class='ocrx_word' id='word_1_225' title='bbox 214 2728 299 2809; x_wconf 81' lang='grc' dir='ltr'>άρεπῇ</span> <span class='ocrx_word' id='word_1_226' title='bbox 312 2732 386 2811; x_wconf 90' lang='grc' dir='ltr'>μέγα</span> <span class='ocrx_word' id='word_1_227' title='bbox 397 2731 604 2809; x_wconf 88' lang='grc' dir='ltr'>ὑπερφέρουσα,</span> <span class='ocrx_word' id='word_1_228' title='bbox 615 2731 650 2791; x_wconf 84' lang='grc' dir='ltr'>τά</span> <span class='ocrx_word' id='word_1_229' title='bbox 663 2730 743 2809; x_wconf 83' lang='grc' dir='ltr'>ἡμεῖς</span> <span class='ocrx_word' id='word_1_230' title='bbox 753 2730 897 2806; x_wconf 81' lang='grc' dir='ltr'>δεξάμενοι</span> 
     </span>
     <span class='ocr_line' id='line_1_32' title="bbox 97 2816 897 2896; baseline -0.003 -21"><span class='ocrx_word' id='word_1_231' title='bbox 97 2816 268 2894; x_wconf 89' lang='grc' dir='ltr'>ἐθέλοιμεν</span> <span class='ocrx_word' id='word_1_232' title='bbox 251 2844 285 2878; x_wconf 92' lang='grc' dir='ltr'>αν</span> <span class='ocrx_word' id='word_1_233' title='bbox 295 2819 462 2896; x_wconf 87' lang='grc' dir='ltr'>μηδίσαντες</span> <span class='ocrx_word' id='word_1_234' title='bbox 473 2818 731 2879; x_wconf 77' lang='grc' dir='ltr'>καταδουλῶσαι</span> <span class='ocrx_word' id='word_1_235' title='bbox 697 2845 749 2895; x_wconf 83' lang='grc' dir='ltr'>την</span> <span class='ocrx_word' id='word_1_236' title='bbox 761 2816 897 2876; x_wconf 84' lang='grc' dir='ltr'>Ελλάδα·</span> 
     </span>
     <span class='ocr_line' id='line_1_33' title="bbox 97 2905 907 2988; baseline -0.006 -25"><span class='ocrx_word' id='word_1_237' title='bbox 97 2905 193 2964; x_wconf 85' lang='grc' dir='ltr'>πολλά</span> <span class='ocrx_word' id='word_1_238' title='bbox 204 2931 234 2965; x_wconf 91' lang='grc' dir='ltr'>τε</span> <span class='ocrx_word' id='word_1_239' title='bbox 244 2906 298 2986; x_wconf 82' lang='grc' dir='ltr'>γάρ</span> <span class='ocrx_word' id='word_1_240' title='bbox 309 2933 355 2966; x_wconf 94' lang='grc' dir='ltr'>και</span> <span class='ocrx_word' id='word_1_241' title='bbox 344 2907 500 2988; x_wconf 88' lang='grc' dir='ltr'>μεγάλα’</span> <span class='ocrx_word' id='word_1_242' title='bbox 487 2908 549 2967; x_wconf 87' lang='grc' dir='ltr'>εστὶ</span> <span class='ocrx_word' id='word_1_243' title='bbox 561 2934 598 2968; x_wconf 91' lang='grc' dir='ltr'>τα</span> <span class='ocrx_word' id='word_1_244' title='bbox 587 2905 801 2966; x_wconf 79' lang='grc' dir='ltr'>διακωλύοντα</span> <span class='ocrx_word' id='word_1_245' title='bbox 810 2907 907 2959; x_wconf 63' lang='grc' dir='ltr'>παῖσα</span> 
     </span>
     <span class='ocr_line' id='line_1_34' title="bbox 96 2983 933 3074; baseline -0.016 -23"><span class='ocrx_word' id='word_1_246' title='bbox 96 2990 137 3066; x_wconf 84' lang='grc' dir='ltr'>μὴ</span> <span class='ocrx_word' id='word_1_247' title='bbox 154 2993 263 3064; x_wconf 86' lang='grc' dir='ltr'>ποιέειν,</span> <span class='ocrx_word' id='word_1_248' title='bbox 278 2993 384 3072; x_wconf 58' lang='grc' dir='ltr'>μηδ’*</span> <span class='ocrx_word' id='word_1_249' title='bbox 366 3021 402 3074; x_wconf 95' lang='grc' dir='ltr'>ην</span> <span class='ocrx_word' id='word_1_250' title='bbox 424 2995 577 3074; x_wconf 86' lang='grc' dir='ltr'>ἐθέλωμεν·</span> <span class='ocrx_word' id='word_1_251' title='bbox 603 3018 711 3072; x_wconf 84' lang='grc' dir='ltr'>πρωτα</span> <span class='ocrx_word' id='word_1_252' title='bbox 732 3011 784 3063; x_wconf 75' lang='grc' dir='ltr'>μιν</span> <span class='ocrx_word' id='word_1_253' title='bbox 808 2983 861 3038; x_wconf 55' lang='grc' dir='ltr'>κείς</span> <span class='ocrx_word' id='word_1_254' title='bbox 880 2999 933 3046; x_wconf 56' lang='grc' dir='ltr'>υἱ·</span> 
     </span>
     <span class='ocr_line' id='line_1_35' title="bbox 89 3057 967 3170; baseline -0.007 -22"><span class='ocrx_word' id='word_1_255' title='bbox 89 3103 183 3154; x_wconf 68' lang='lat' dir='ltr'>ssffffl»</span> <span class='ocrx_word' id='word_1_256' title='bbox 211 3107 268 3142; x_wconf 78' lang='grc' dir='ltr'>των</span> <span class='ocrx_word' id='word_1_257' title='bbox 295 3085 434 3147; x_wconf 92' lang='grc' dir='ltr'>θεῶν</span> <span class='ocrx_word' id='word_1_258' title='bbox 398 3115 435 3148; x_wconf 92' lang='grc' dir='ltr'>τα</span> <span class='ocrx_word' id='word_1_259' title='bbox 465 3086 636 3170; x_wconf 72' lang='grc' dir='ltr'>ἀγάλματα.</span> <span class='ocrx_word' id='word_1_260' title='bbox 665 3078 718 3138; x_wconf 47' lang='grc' dir='ltr'>κᾶν</span> <span class='ocrx_word' id='word_1_261' title='bbox 738 3097 782 3130; x_wconf 64' lang='lat' dir='ltr'>W</span> <span class='ocrx_word' id='word_1_262' title='bbox 807 3057 967 3148; x_wconf 47' lang='grc' dir='ltr'>Μηδῖω</span> 
     </span>
     <span class='ocr_line' id='line_1_36' title="bbox 77 3168 818 3273; baseline -0.018 -54"><span class='ocrx_word' id='word_1_263' title='bbox 77 3168 311 3266; x_wconf 61' lang='grc' dir='ltr'>ἐμπεπρησμένα</span> <span class='ocrx_word' id='word_1_264' title='bbox 336 3205 369 3239; x_wconf 71' lang='grc' dir='ltr'>τε</span> <span class='ocrx_word' id='word_1_265' title='bbox 396 3180 447 3240; x_wconf 69' lang='grc' dir='ltr'>καὶ</span> <span class='ocrx_word' id='word_1_266' title='bbox 474 3169 741 3273; x_wconf 70' lang='grc' dir='ltr'>συγκεχωσμένα·</span> <span class='ocrx_word' id='word_1_267' title='bbox 775 3173 818 3209; x_wconf 71' lang='grc' dir='ltr'>τι)</span> 
     </span>
     <span class='ocr_line' id='line_1_37' title="bbox 64 3246 819 3346; baseline -0.006 -17"><span class='ocrx_word' id='word_1_268' title='bbox 64 3247 272 3329; x_wconf 53' lang='lat' dir='ltr'>mytram*</span> <span class='ocrx_word' id='word_1_269' title='bbox 256 3286 323 3342; x_wconf 75' lang='grc' dir='ltr'>εχει</span> <span class='ocrx_word' id='word_1_270' title='bbox 346 3267 519 3346; x_wconf 85' lang='grc' dir='ltr'>τιμωρέειν</span> <span class='ocrx_word' id='word_1_271' title='bbox 553 3267 588 3323; x_wconf 83' lang='grc' dir='ltr'>ἐς</span> <span class='ocrx_word' id='word_1_272' title='bbox 616 3257 664 3316; x_wconf 62' lang='grc' dir='ltr'>τὰ</span> <span class='ocrx_word' id='word_1_273' title='bbox 696 3246 819 3325; x_wconf 51' lang='lat' dir='ltr'>mm</span> 
     </span>
    </p>
   </div>
   <div class='ocr_carea' id='block_1_2' title="bbox 0 0 1026 3450">
    <p class='ocr_par' dir='ltr' id='par_1_2' title="bbox 0 0 1026 3450">
     <span class='ocr_line' id='line_1_38' title="bbox 0 0 1026 3450; baseline 0 0"><span class='ocrx_word' id='word_1_274' title='bbox 0 0 1026 3450; x_wconf 95' lang='lat' dir='ltr'> </span> 
     </span>
    </p>
   </div>
  </div>
 </body>
</html>
