2024 3450
116 103 148 150 ιι
428 103 620 157 Ἧιοιοιου,
793 160 796 166 ,
870 102 918 168 [ν.

114 180 292 260 στασιώτῃσι
305 180 355 244 τας
368 180 457 260 α’ρχοϊς
476 183 629 261 ἐνεχείριζε.
658 180 873 258 α’ντισταθείσης
888 185 918 244 δὲ

114 275 164 345 τῆς
188 271 298 345 βουλῆς
326 268 371 327 καϊ
399 268 431 328 οὐ
454 270 633 347 βουλομένης
659 270 815 339 πείθεσθαι,
841 270 857 330 ὅ
886 299 924 332 τε

116 360 278 434 Κλεομένης
298 359 343 416 καὶ
362 357 377 417 ὁ
395 357 544 440 Ἰσαγόρης
562 359 608 417 καὶ
622 361 648 416 οἱ
659 362 815 417 στασιῶται
831 359 917 420 αὐτοῦ

114 447 368 524 καταλαμβάνουσι
391 447 442 524 τὴν
465 446 629 524 οϊκρόπολιν·
660 445 814 522 Ἀθηναίων
837 448 866 506 δέ
888 449 915 508 οῖ

116 535 222 606 λοιποὶ,
243 536 278 595 τοὶ
299 535 369 595 αὐτά
394 535 586 612 φρονήσαντες
609 533 789 610 ἐπολιόρκεον
816 533 917 600 αὗτοιϊς

113 622 220 701 ἡμέρας
247 624 305 683 δύο·
334 628 370 703 τῇ
398 624 427 682 δὲ
452 625 532 702 τρίτη
556 623 731 682 ὑπόσπονδοι
757 622 917 702 ἐξέρχονται

115 717 144 770 ἐκ
177 718 227 788 τῆς
257 713 350 791 χώρης
379 711 444 771 ὅσοι
474 710 548 786 ἦσαν
576 710 666 771 αὐτῶν
692 709 915 786 Λακεδαιμόνιοι.

114 802 276 860 ἐπετελέετο
290 801 319 857 δὲ
337 803 376 877 τῷ
392 799 547 874 Κλεομένεϊ
560 799 579 875 ἦ
594 799 685 874 φήμη·
707 797 742 860 ὥς
755 796 813 878 γάρ
826 797 917 878 α’νέβη

114 892 142 949 ἐς
154 887 207 962 τήν
221 887 375 963 οἷκρόπολιν
387 888 500 963 μέλλων
514 886 547 961 δη
563 885 649 962 αὐτὴν
661 885 862 964 κατασχήσειν,
873 887 917 964 ἤϊε

115 979 142 1036 ἐς
162 974 195 1033 τό
216 974 316 1033 ἄδυτον
336 978 386 1050 τῆς
410 974 474 1033 θεοῦ
498 974 533 1036 οἷς
553 976 721 1051 προσερέων·
749 973 768 1050 ἡ
789 975 819 1033 δὲ
841 976 916 1054 ϊρηίη

114 1061 295 1130 ἐξαναστᾶσα
311 1067 341 1121 ἐκ
357 1065 408 1121 τοῦ
426 1062 526 1138 θρόνου
542 1063 608 1139 πρὶν
624 1060 642 1137 ἢ
658 1062 708 1124 τός
728 1060 813 1138 θύρας
832 1062 917 1124 αὐτόν

114 1147 240 1225 α’μεϊψαι,
263 1150 332 1209 εἶπε·
354 1149 374 1209 ὦ
396 1150 468 1220 ξεῖνε
487 1149 697 1226 Λακεδαιμόνιε,
712 1150 800 1210 πάλιν
820 1150 914 1229 χαίρει,

112 1236 176 1312 μηδ’
198 1238 271 1298 ἐσιθι
300 1238 327 1302 ἐς
353 1238 387 1299 τό
415 1237 483 1314 ϊρόν·
502 1237 538 1296 ὀὐ
560 1237 615 1318 γάρ
642 1237 755 1314 θεμιτόν
777 1243 917 1315 Δωριεῦσι

113 1326 241 1403 παριέναι
260 1325 404 1387 ἐνθαῦτα·”
433 1325 449 1386 ό
471 1327 500 1385 δὲ
519 1327 588 1386 εἶπε·
617 1325 664 1384 “0⁹2
685 1325 774 1406 γύναι,
796 1326 862 1385 ἀλλ’
884 1329 917 1387 οιϊ

116 1414 237 1491 Δωριεύς
256 1420 312 1493 εἶμι
329 1415 395 1475 ἀλλ’
409 1414 549 1495 Ἀχαιός.”
589 1415 605 1475 ό
623 1418 675 1491 μὲν
689 1414 722 1489 δὴ
736 1419 771 1491 τῇ
786 1414 917 1490 κλεηδόνι

114 1502 192 1564 οὐδὲν
224 1505 387 1583 χρεόμενος,
416 1503 582 1584 ἐπεχείρησέ
609 1529 640 1562 τε
665 1503 713 1587 καί
738 1503 801 1562 τότε
830 1503 917 1564 πάλιν

114 1590 243 1661 ἐξέπιπτε
262 1593 333 1672 μετά
353 1598 408 1654 τῶν
427 1593 660 1670 Λακεδαιμονίων·
682 1592 745 1653 τούς
764 1591 794 1648 δὲ
812 1588 918 1656 ἄλλους

113 1679 257 1756 Ἀθηναῖοι
276 1683 430 1757 κατέδησαν
448 1682 499 1758 τήν
514 1681 559 1740 ε’πϊ
578 1679 696 1758 θανάτῳ·
718 1678 747 1738 ἐν
762 1680 791 1738 δέ
806 1678 917 1739 αιϊτοϊσι

115 1768 161 1825 καὶ
174 1771 345 1843 Τιμησίθεον
359 1769 409 1828 τόν
425 1770 551 1845 Δελφόν,
565 1772 615 1828 τοῦ
631 1770 698 1848 ἔργα
711 1771 813 1845 χειρῶν
826 1794 857 1827 τε
871 1769 918 1827 καὶ

113 1854 239 1928 λήματος
261 1855 348 1932 ἔχοιμ’
367 1853 399 1913 ἂν
421 1857 543 1935 μέγιστα
567 1856 727 1924 καταλέξαι.
769 1854 845 1915 οὗτοι
865 1857 918 1932 μέν

67 1943 105 2002 73
115 1967 163 2014 νυν
173 1941 311 2016 δεδεμένοι
323 1942 516 2016 ἐτελεύτησαν.
546 1942 689 2017 Ἀθηναῖοι
704 1943 733 2001 δὲ
746 1943 817 2018 μετά
829 1949 918 2003 ταῦτα

115 2029 290 2090 Κλεισθένεα
309 2030 354 2088 καὶ
367 2028 403 2087 τά
418 2029 572 2088 ἑπτακόσια
589 2030 702 2088 ἐπίστια
715 2032 750 2088 τά
765 2031 918 2109 διωχθέντα

113 2115 167 2177 ὑπό
188 2119 364 2193 Κλεομένεος
384 2116 642 2194 μεταπεμψάμενοι,
663 2118 808 2193 πέμπουσι
833 2118 917 2199 οϊγγέ-

114 2208 181 2268 λους
203 2211 230 2268 ἐς
244 2205 345 2281 Σάρδις
366 2204 531 2282 συμμαχίην
548 2204 722 2281 βουλόμενοι
741 2205 919 2279 ποιήσασθαι

113 2293 184 2367 πρός
204 2293 329 2367 Πέρσας·
356 2291 511 2368 ἠπιστέατο
530 2291 585 2371 γάρ
605 2298 661 2366 σφι
681 2290 919 2364 λακεδαιμονίους

114 2403 145 2437 τε
166 2379 211 2436 καὶ
228 2380 391 2454 Κλεομένεα
412 2379 673 2455 ἐκπεπολεμῶσθαι·
692 2376 867 2452 α’πικομένων
889 2379 919 2439 δέ

115 2469 170 2526 τῶν
188 2465 316 2546 α’γγέλων
330 2471 357 2529 ἐς
376 2465 426 2529 τὰς
447 2465 547 2542 Σάρδις
569 2466 615 2524 καὶ
636 2463 776 2546 λεγόντων
793 2462 829 2524 τά
846 2468 918 2526 ἐντε-

115 2554 249 2630 ταλμένα,
261 2552 452 2630 Ἀρταφέρνης
465 2553 481 2614 ό
494 2553 680 2623 Ὑστάσπεος,
695 2553 819 2630 Σαρδίων
832 2553 919 2632 ὕπαρ-

115 2667 174 2719 χος,
200 2640 334 2718 ε’πειροίτα
354 2643 424 2705 τίνες
451 2643 542 2707 ἐόντες
565 2642 706 2720 ἅνθρωποι
733 2644 778 2701 καὶ
800 2647 841 2719 πῆ
864 2648 918 2724 γῆς

116 2729 256 2804 οἰκημένοι
270 2728 377 2790 δεοίατο
393 2731 525 2808 Περσέων
538 2730 686 2809 σιίμμαχοι
699 2732 847 2811 γενέσθαι;
867 2759 917 2790 πυ-

116 2815 233 2892 θόμενος
259 2816 289 2874 δὲ
315 2817 385 2894 πρός
408 2822 464 2877 τῶν
491 2818 626 2899 α’γχέλων,
651 2818 831 2895 α’πεκοράφου
861 2827 917 2891 σφι

114 2903 189 2962 τάδε·
212 2908 236 2963 εἰ
255 2907 307 2981 μέν
321 2905 429 2964 διδοῦσι
448 2907 568 2981 βασιλέϊ
582 2907 691 2984 Δαρείῳ
705 2905 850 2983 Ἀθηναῖοι
863 2911 917 2986 γῆν

115 3018 146 3052 τε
160 2993 206 3052 καὶ
219 2992 330 3069 ὕδωρ,ό
351 2993 380 3051 δὲ
401 2994 565 3071 συμμαχίην
587 3001 643 3069 σφι
664 2997 834 3056 συνετίθετο·
851 2995 917 3053 εἰδὲ

114 3081 155 3158 μή
177 3082 293 3155 διδοῦσι,
316 3081 560 3141 ἀπαλλάσσεσθαι
582 3082 680 3145 αὐτοιϊς
698 3084 817 3141 ἐκέλευε·
842 3083 916 3141 οἶδὲ

106 3169 226 3248 ἄγγελοι
245 3172 293 3230 ε’πϊ
314 3172 414 3248 σφέων
432 3170 522 3230 αὐτῶν
543 3171 702 3247 βαλόμενοι
727 3171 833 3228 διδόναι
853 3171 918 3241 ἐφο-

89 3277 156 3321 aar,
165 3259 353 3337 βουλόμενοι
371 3265 428 3339 τήν
444 3260 620 3340 συμμαχίην
635 3255 830 3331 ποιήσασθαι·
858 3250 938 3308 0δῖοῑ
