2024 3450
92 92 230 155 ιιι-ιτα]
376 92 602 169 λαοιωαιιοιυι.
858 94 888 146 ⁵7

89 168 240 230 Ιλιάδα’
208 197 347 281 νεμονται,
361 172 419 232 εἰλε
432 173 463 232 δὲ
475 174 611 254 Γέργιθας
622 198 688 236 τους
701 171 887 284 ότολειφθέν-

89 283 137 322 τας
156 263 211 319 τῶν
232 259 353 339 άρχαίων
367 264 502 336 Τευκρῶν·
524 259 607 324 οὗτός
626 287 657 320 τε
669 259 818 337 Υμέης’
790 263 938 337 αιρέων

88 351 174 406 ταῦτα
187 374 222 407 τα
214 347 316 408 ἔθνεα
329 348 421 427 νούσῳ
434 350 577 426 τελευτᾷ’
565 374 594 408 εν
606 374 641 426 τη
629 348 771 427 Τρῳάδι.
813 347 866 408 Οὗ-
878 352 936 410 123

88 458 135 496 τος
146 436 199 511 μὲν
211 433 292 509 δή
261 461 330 495 ουτω
344 434 518 511 ἐτελεύτησε·
539 434 730 512 Ἀρταφέρνης
743 436 803 494 δὲ
786 464 802 496 ο
817 439 887 514 Σαρ-

88 519 151 581 δίων
171 521 297 601 ὕπαρχος
315 522 361 583 καὶ
373 521 492 599 Ὀτάνης
505 521 521 583 ό
535 524 628 600 τρίτος
649 523 813 603 στρατηγός,
828 524 887 583 ἐτά-

87 608 200 685 χθησαν
219 611 265 668 ἐπὶ
282 609 333 686 τήν
353 608 457 686 Ἰωνίην
479 611 526 670 καὶ
541 610 593 686 τήν
612 611 756 687 προσεχέα
769 611 887 669 Αἰολίδα

88 696 300 772 στρατεύεσθαι.
341 696 444 773 Ἰωνίης
463 699 515 774 μέν
537 724 585 758 νυν
609 697 793 772 Κλαζομενάς
815 699 886 774 αἱρέτ

88 807 161 853 αυσι,
182 784 306 843 Αἰολέων
328 784 357 843 δέ
377 784 488 861 Κύμην.

127 869 350 947 Ἀλισκομενέων
363 873 392 931 δέ
405 877 458 933 τῶν
472 873 585 943 πολίων,
595 873 630 949 ἦν
643 874 697 954 γάρ
713 872 755 948 δή,
767 873 801 936 οἷς
815 873 863 931 διέ-
877 876 934 933 124

88 958 156 1030 δεξε,
170 957 372 1041 Ἀρισταγόρης
393 960 408 1022 ό
422 961 567 1036 Μιλήσιος
581 962 673 1039 ψυχήν
688 960 737 1020 οὔκ
751 960 842 1038 ἄκρος,
856 961 887 1024 ὃς

87 1046 206 1124 ταράξας
225 1048 277 1123 τήν
297 1047 402 1124 Ἰωνίην
426 1050 472 1107 καί
493 1049 713 1129 ἐγκερασάμενος
734 1048 886 1129 πρήγματα

86 1136 196 1216 μεγάλα
210 1136 336 1214 δρησμόν
350 1137 492 1212 ἐβούλευε,
507 1135 592 1210 όρέων
611 1141 707 1197 ταῦτα·
729 1138 799 1214 πρός
812 1137 842 1195 δέ
859 1140 885 1196 οἱ

87 1224 131 1280 καὶ
144 1223 264 1284 οἶδύνατα
279 1224 368 1299 ἐφάνη
381 1224 509 1300 βασιλέα
524 1227 643 1299 Δαρεῖον
660 1224 883 1299 ὑπερβαλέσθαι·

86 1310 154 1386 πρός
174 1316 262 1371 ταῦτα
287 1311 320 1386 δή
344 1310 380 1369 ὧν
399 1310 580 1390 συγκαλέσας
600 1310 664 1373 τούς
685 1308 882 1371 συστασιώτας

86 1398 264 1478 ἐβουλεύετο,Ι
275 1399 365 1476 λέγων
384 1397 420 1459 οἷς
438 1396 550 1472 ἄμεινόν
564 1403 619 1471 σφι
633 1398 674 1471 εἴη
689 1395 884 1475 κρησφύγετόν

84 1511 112 1546 τι
129 1485 256 1562 ὑπάρχον
276 1484 352 1552 εἶναι,
371 1481 405 1558 ἢν
426 1482 480 1557 ἄρα
497 1482 666 1550 ἐξωθέωνται
683 1489 713 1540 ἐκ
726 1487 776 1556 τής
790 1482 883 1556 Μιλή-

26 1562 30 1569 ’
85 1597 145 1631 του·
169 1572 222 1629 εἴτε
237 1570 271 1645 δή
286 1569 323 1628 ὧν
337 1575 364 1631 ἐς
379 1568 476 1644 Σαρδαί
490 1573 520 1625 ἐκ
534 1571 582 1626 τοῦ
599 1568 686 1626 τόπου
707 1567 805 1626 τούτου
822 1567 885 1647 αἰγοι

86 1664 113 1722 ἐς
127 1657 264 1732 ἀποικίην,
275 1658 328 1715 εἴτε
343 1660 370 1718 ἐς
378 1655 520 1732 Μύρκινον
534 1654 585 1729 τήν
597 1654 725 1715 Ἠδωνῶν
738 1655 789 1729 τήν
802 1654 885 1714 Ἱστι-

86 1749 146 1808 αῖος
168 1746 269 1823 ἐτείχεε
293 1744 370 1820 παρά
392 1743 512 1818 Δαρείου
534 1741 637 1820 δωρεήν
657 1741 773 1818 λαβόν;
798 1746 885 1802 ταῦτα

88 1833 222 1910 ἐπειρώτα
242 1832 257 1892 ό
276 1830 489 1912 Ἀρισταγόρης·
510 1830 657 1890 Ἑκαταίου
678 1831 729 1909 μέν
751 1859 798 1892 νυν
815 1835 864 1891 τοῦ
875 1835 932 1890 125

84 1920 289 2002 Ἡγησάνδρου,
304 1919 405 1997 οἶνδρός
417 1923 579 2000 λογοποιοῦ,
593 1921 710 1979 τουτέων
723 1923 774 1999 μὲν
794 1925 821 1982 ἐς
840 1918 883 1978 ού-

85 2009 196 2087 δετέρην
210 2010 342 2068 στέλλειν
353 2006 463 2083 ἐφερεή
476 2007 581 2088 γνύμη,
592 2013 620 2066 ἐν
628 2008 706 2085 Λέρῳ
718 2008 746 2065 δὲ
760 2013 794 2084 τῇ
808 2008 884 2086 νήσῳ

84 2100 176 2176 τεῖχος
190 2088 445 2174 οἰκοδομησάμενον
457 2095 579 2173 ἡσυχίην
590 2093 675 2174 άγειν,
690 2093 724 2169 ἢν
736 2094 840 2171 ἐκπέσῃ
854 2099 883 2152 ἐκ

83 2187 133 2260 τῆς
147 2185 287 2261 Μιλήτου·
309 2187 403 2243 ἔπειτα
418 2183 447 2242 δὲ
461 2187 490 2241 ἐκ
504 2181 604 2258 ταύτης
618 2181 791 2259 όρμειύμενον
805 2206 881 2240 κατε-

84 2272 239 2332 λεύσεσθαι
252 2278 280 2336 ἐς
292 2272 344 2347 τήν
357 2273 498 2345 Μίλητον.
525 2275 613 2329 ταῦτα
626 2273 678 2346 μὲν
692 2269 725 2345 δή
738 2269 884 2333 Ἑκαταῖος
969 2269 973 2279 ’

84 2348 301 2435 συνεβούλευε.ι
326 2358 406 2437 Αύτῷ
430 2358 459 2416 δὲ
482 2356 671 2438 Ἀρισταγόρῃ
695 2357 713 2433 ή
740 2359 929 2433 πλείστη126

84 2447 181 2526 γνιύμη
202 2446 236 2522 ἦν
259 2453 285 2510 ἐς
305 2447 356 2522 τήν
378 2445 520 2522 Μύρκινον
537 2445 663 2526 ἀπάγειν.
705 2446 756 2520 τήν
777 2448 828 2522 μὲν
850 2445 883 2519 δή

85 2534 216 2609 Μιλητον
232 2536 372 2610 ἐπιτρέπει
385 2532 549 2613 Πυθαγόρῃ,
563 2532 641 2609 άνδρί
657 2537 712 2592 τῶν
729 2531 823 2591 άστῶν
840 2532 882 2590 δο-

86 2621 167 2699 κίμῳ·
188 2619 271 2682 αότός
288 2620 317 2678 δέ
336 2620 512 2697 παραλαβών
530 2619 622 2678 πάντα
641 2619 691 2679 τόν
703 2618 881 2695 βουλόμενον

86 2711 168 2767 ἔπλεε
189 2713 216 2770 ἐς
236 2707 287 2782 τήν
305 2708 435 2784 Θρηίκην,
454 2708 500 2766 καὶ
519 2708 585 2785 ἔσχε
605 2705 658 2781 τήν
675 2706 768 2785 χιόρην
788 2705 829 2763 ἐπ’
848 2705 883 2780 ἣν

86 2796 202 2870 ἐστάλη.
245 2800 275 2855 ἐκ
293 2796 323 2854 δέ
340 2795 443 2871 ταύτης
461 2795 632 2872 όρμειόμενος
653 2792 811 2868 α’πόλλυται
828 2791 882 2850 όπό
912 2800 915 2806 ’

85 2884 210 2962 Θρηίκων
232 2883 314 2945 αότός
334 2909 365 2943 τε
389 2881 405 2942 ό
425 2881 629 2961 Ἀρισταγόρης
654 2881 700 2938 καὶ
723 2878 739 2936 ό
763 2877 884 2952 στρατός

85 2970 179 3039 αὐτοῦ,
200 2969 285 3031 πόλιν
308 2969 532 3046 περικατήμενος,
557 2969 603 3026 καὶ
626 2963 807 3041 βουλομένων
828 2963 884 3019 τῶν

85 3058 210 3135 Θρηίκων
229 3056 412 3119 ὑποσπόνδων
432 3057 541 3129 ἐξιέναι.

334 3185 507 3361 [ζμ
547 3216 769 3297 staffi-

59 1709 77 1745 Ι
