2024 3450
82 111 225 173 130-134]
394 112 578 161 ΠΟΔΤΜΝῙΔ.
838 110 883 161 171

83 190 175 252 ἔθνεος
195 187 424 270 ἐπαγγέλλεσθαι
446 189 556 264 φιλίην·
578 189 657 252 εἶπας
675 189 705 249 δὲ
724 192 821 262 ταῦτα,
838 188 885 248 καὶ

83 274 264 353 θεησάμενος,
280 275 403 335 οἶπέπλεε
417 281 444 339 ές
456 275 508 351 τῆν
521 274 642 352 Θέρμην.

123 364 157 423 ‘O
172 367 223 439 μέν
236 364 269 438 δῆ
283 365 347 441 περὶ
360 364 476 440 Πιερίην
495 363 616 439 διέτριβε
630 362 734 440 ῆμέρας
747 363 862 444 συχνάς·
873 364 929 423 131

61 531 63 534 Α
82 452 115 511 τά
128 452 182 532 γάρ
197 451 231 527 δῆ
245 451 326 527 οὖρος
337 450 370 510 τά
385 450 576 509 Μακεδονικὸν
590 450 675 527 ἔκέιρε
687 455 737 524 τῆς
751 456 884 527 στρατιῆς

82 540 250 614 τριτημορὶς,
276 539 320 597 ἵνα
341 538 428 615 ταύτη
449 537 534 614 διεξίῃ
556 535 655 595 ἅπασα
675 536 694 611 ῆ
716 538 834 614 στρατιῆ
857 543 884 601 ές

84 625 270 701 Περραιβούς.
314 628 340 683 αἱ
354 625 384 682 δὲ
397 625 431 700 δῆ
445 624 559 699 κήρυκες
573 626 599 682 οί
613 623 844 700 ἀποπεμφθέντες
857 629 885 688 ές

83 713 135 786 τῆν
146 712 273 770 Ἑλλάδα
287 713 333 770 ἐπὶ
345 716 398 791 γῆς
412 712 523 787 αἴτησιν
537 710 679 770 α’πικέατο·
695 713 722 770 οἱ
731 714 782 786 μὲν
791 711 883 780 κεινοὶ,

85 799 159 856 οἶδὲ
181 799 311 873 φέροντες
332 803 385 879 γῆν
404 823 436 858 τε
458 798 504 858 καὶ
525 797 607 875 ὕδωρ.
641 803 696 860 τῶν
711 797 741 857 δὲ
762 798 931 858 δόντων132

84 889 173 944 ταῦτα
191 885 318 964 ἐγένοντο
336 886 402 946 οἵδε·
423 887 579 956 Θεσσαλοὶ,
597 884 735 958 Δόλοπες,
751 885 882 961 Ἐνιῆνες,

86 973 251 1049 Περραιβοὶ,
270 975 383 1051 Λοκροὶ,
402 973 560 1056 Μάγνητες,
577 976 709 1051 Μηλιέες,
725 973 836 1053 Ἀχαιοὶ
857 977 884 1034 οἱ

84 1061 214 1132 Φθιῶται,
235 1061 281 1120 καὶ
301 1064 432 1138 Θηβαῖοι,
450 1064 496 1121 καὶ
513 1065 540 1122 οἱ
560 1061 646 1122 άλλοι
667 1063 783 1123 Βοιωτοὶ
806 1062 884 1138 πλῆν

84 1149 226 1210 Θεσπιέων
243 1176 274 1210 τε
293 1151 339 1209 καὶ
355 1152 530 1211 Πλαταιέων.
573 1151 618 1210 ε’πὶ
634 1150 760 1211 τούτοισι
777 1153 803 1210 οἶ
813 1149 882 1210 Ἐλ-

83 1239 165 1312 ληνες
179 1239 283 1315 ἔταμον
296 1238 390 1316 ὅρκιον
404 1242 430 1298 οἶ
443 1243 481 1316 τῷ
493 1238 634 1317 βαρβάρῳ
647 1238 774 1315 πόλεμον
792 1237 882 1314 άειρά-

82 1350 170 1400 μενοι·
199 1327 232 1385 vd
259 1327 289 1384 δὲ
313 1327 406 1403 ὅρκιον
434 1325 485 1385 ὧδε
509 1327 576 1404 εἶχε·
607 1336 624 1361 “
634 1325 698 1384 ὅσοι
719 1330 758 1402 τῷ
780 1326 882 1402 Πέρση

84 1411 183 1472 ἔδοσάν
201 1419 293 1488 σφεας
312 1408 559 1487 αὐτούςἝλληνές
575 1410 673 1480 ε’άντες,
687 1411 726 1487 μῆ
741 1411 880 1491 ἀναγκασ-

84 1498 183 1566 θέντες,
195 1499 390 1560 καταστάντων
403 1505 459 1571 σφι
474 1497 502 1555 εὖ
516 1502 571 1556 τῶν
581 1496 759 1577 πρηγμάτων,
769 1496 883 1560 τούτους

84 1584 247 1650 δεκατεῦσαι
263 1589 301 1663 τῷ
319 1591 347 1643 ε’ν
367 1587 512 1657 Δελφοῖσι
530 1583 608 1660 θεῷ·”
629 1585 662 1642 τδ
676 1587 727 1659 μὲν
741 1584 774 1659 δῆ
789 1583 883 1660 ὅρκιον

85 1669 136 1728 ὧδε
147 1670 204 1748 εἶχε
211 1671 426 1746 τοῖσιἝλλησι.
452 1670 500 1733 Ἐς
509 1671 537 1728 δὲ
547 1669 667 1744 Ἀθήνας
678 1672 723 1728 καὶ
732 1671 863 1746 Σπάρτην
875 1677 930 1731 133

85 1756 134 1815 οὐκ
154 1757 301 1835 ἀπέπεμψε
321 1757 337 1816 ὁ
358 1758 473 1834 Πέρσης
493 1759 538 1816 ἐπὶ
557 1762 611 1838 γῆς
634 1759 744 1834 αἴτησιν
765 1759 883 1834 κήρυκας

84 1845 168 1903 τῶνδε
182 1846 280 1903 εἵνεκα·
300 1845 436 1921 πρότερον
454 1847 574 1922 Δαρείου
587 1845 747 1924 πέμψαντος
761 1845 802 1906 ἐπ’
817 1846 883 1906 αὐτὰ

83 1937 174 2002 τοῦτο,
192 1936 219 1992 οἱ
235 1935 287 2009 μὲν
304 1932 393 1993 αὐτῶν
410 1933 474 1996 τούς
493 1935 633 1996 αἰτέοντας
647 1939 674 1997 ἐς
687 1936 719 1994 τά
736 1934 882 2012 βάραθρον

85 2024 111 2079 οἱ
124 2020 153 2079 δὲ
168 2026 194 2084 ές
208 2021 298 2097 φρέαρ
311 2018 494 2096 ἐσβαλόντες,
506 2022 633 2080 ἐκέλευον
642 2026 696 2102 γῆν
709 2047 740 2080 τε
754 2023 800 2080 καὶ
813 2021 883 2099 ὕδωρ

84 2114 114 2168 ἐκ
131 2110 235 2169 τούτων
249 2112 344 2187 φέρειν
361 2109 438 2180 παρὰ
455 2110 591 2186 βασιλέα·
612 2109 717 2170 τούτων
729 2111 780 2185 μὲν
794 2109 883 2168 εἵνεκα

84 2197 134 2257 οὐκ
152 2200 257 2277 ἔπεμψε
275 2198 381 2275 Ξέρξης
396 2197 460 2260 τούς
479 2196 654 2273 αἰτήσοντας.
695 2196 751 2257 ὅτι
765 2197 794 2256 δὲ
807 2201 883 2256 τοῖσι

83 2284 258 2361 Ἀθηναίοισι
271 2291 359 2346 ταῦτα
371 2284 511 2361 ποιήσασι
523 2285 587 2348 τοθς
606 2285 725 2362 κήρυκας
738 2284 883 2360 συνήνεικε

84 2372 250 2450 ἀνεθέλητον
262 2375 401 2456 γενέσθαι,
417 2373 465 2434 οὐκ
479 2375 532 2453 ἔχω
546 2373 630 2442 εἶπαι,
644 2374 720 2450 πλῆν
730 2372 774 2434 ὅτι
787 2374 884 2449 σφέων

84 2461 103 2536 ῆ
123 2461 200 2538 χάρη
222 2462 267 2521 καὶ
286 2461 304 2537 ῆ
325 2460 407 2525 πόλις
429 2461 555 2538 ε’δηϊάθη·
585 2460 662 2520 ἀλλά
682 2466 766 2522 τοῦτο
785 2461 817 2521 οὔ
838 2461 899 2520 διά
932 2494 937 2502 ’

85 2548 187 2624 ταύτην
196 2549 248 2624 τῆν
258 2546 445 2626 αἰτίηνδοκέω
457 2550 599 2630 γενέσθαι.
620 2555 703 2610 Τοῖσι
717 2551 746 2609 δὲ
760 2549 797 2608 ὧν
806 2551 931 2609 Ant-134

86 2636 285 2713 κεδαιμονίοισι
297 2641 378 2714 μῆνις
392 2638 550 2716 κατέσκηψε
564 2639 729 2715 Ταλθυβίου
738 2642 788 2699 τοῦ
798 2637 882 2721 Ἀγα-

49 2740 52 2745 ’
84 2726 220 2800 μέμνονος
233 2722 358 2802 κήρυκος·
379 2727 420 2805 (ἐν
435 2726 489 2807 γάρ
507 2725 623 2805 Σπάρτη
640 2727 701 2786 ἐστὶ
718 2728 882 2803 Ταλθυβίου

85 2811 153 2888 ἱράν·
176 2814 231 2872 εἰσὶ
244 2812 274 2871 δέ
290 2813 337 2870 καὶ
353 2811 487 2894 α’πόγονοι
500 2814 673 2890 Ταλθυβίου,
687 2813 883 2890 Ταλθυβιάδαι

85 2901 256 2978 καλεόμενοι,
269 2904 346 2960 τοῖσι
360 2903 389 2959 αἶ
403 2903 547 2977 κηρυκηίαι
560 2905 589 2961 αἱ
602 2907 632 2961 ἐκ
645 2901 777 2977 Σπάρτης
792 2906 883 2960 πᾶσαι

84 2987 166 3066 γέρας
183 2988 328 3068 δέδονται·)
346 2989 417 3064 μετὰ
435 2989 465 3047 δὲ
480 2993 580 3059 ταῦτα,
595 2993 676 3049 τοῖσι
689 2988 919 3080 ἷπωυτςλῒψχ

81 3079 270 3152 καλλιερῆσαι
292 3076 460 3156 θυομένοισι
477 3075 533 3138 οὖκ
553 3077 683 3138 ἒδυνατο·
713 3073 806 3127 ςοῖιτο
821 3065 847 3117 ἳ
874 3067 950 3148 “ma

67 3161 178 3236 χρόνον
196 3166 309 3247 συχνὸν
329 3166 369 3245 ἦν
387 3174 461 3247 σφι·
486 3164 667 3247 ἀχθομένων
684 3158 724 3231 δῖ
739 3151 791 3208 ὠ
805 3144 984 3264 (ξᾞὰῗῖἒς

59 3251 238 3326 χρεωμένων
255 3257 533 3338 Λακεδαιμονίων,
552 3250 650 3326 ἁλίης
665 3267 706 3305 ‘12
722 3235 893 3297 mmm
