2024 3450
139 111 186 158 ιιι
450 108 637 156 Ἤνοιουοιι
878 107 938 172 [νι.

140 189 210 265 ὕδωρ
232 189 277 246 ἐπὶ
297 187 349 263 τήν
361 187 583 265 Ἐννεάκρουνον·
606 186 651 267 (06
671 186 727 267 γὰρ
749 186 819 247 εἶναι
840 191 942 246 τοῦτον

139 276 189 335 τὸν
207 276 308 354 χρόνον
330 276 417 350 σφίσι
440 302 478 334 κω
500 275 563 334 οὐδὲ
583 279 659 334 τοῖσι
680 274 797 334 ἄλλοισι
812 275 941 349 Ἕλλησι

141 363 309 443 οἰκέτας)
294 389 362 425 οκως
383 363 413 421 δέ
437 364 544 423 ἔλθοιεν
568 361 658 432 αὗται,
681 362 746 425 τούς
770 363 942 442 Πελασγοῦς

139 449 193 510 ὑπὸ
215 451 313 528 ὕβριός
333 477 365 510 τε
387 477 433 510 και
423 450 601 531 ὀλιγωρίης
623 451 747 526 βιᾶσθαί
766 457 872 526 σφεας·
896 452 942 508 καὶ

67 602 69 607 ,
140 543 239 598 ταῦτα
246 540 342 615 μέντοι
363 539 450 614 σφίσι
468 538 517 598 οὐκ
531 538 660 617 α’ποχριῐν
673 539 785 607 ποιέειν,
801 538 878 596 ἅλλα
900 540 942 597 τέ-

142 629 191 689 λος
215 627 260 684 καὶ
285 627 520 703 ἐπιβουλεύοντας
544 626 731 704 ἐπιχειρήσειν
757 631 878 700 φανῆναι
901 627 943 683 ἐπ’

141 713 305 794 αὐτοφώρῳ·
335 715 450 778 ἐωυτούς
475 715 507 778 δέ
529 715 662 795 γενέσθαι
689 714 814 791 τοσούτῳ
835 715 943 772 ἐκείνων

143 801 281 879 ἅνδρας’
264 803 417 879 αμείνονας,
439 802 497 881 ὅσῳ
521 803 625 880 παρεόν
651 801 762 861 αὐτοῖσι
783 800 943 860 ἀποκτεῖναι

140 915 204 951 τους
223 891 393 971 Πελασγοῦς
414 863 491 971 (ἐπεί
508 898 600 967 σφεας
619 892 724 965 ἔλαβον
747 879 941 965 ἐπιβουλεύων

141 976 248 1056 τας)’
217 1004 266 1035 ουκ
281 979 424 1053 ἐθελήσαι,
439 977 518 1036 α’λλοῖ
532 985 588 1054 σφι
609 981 751 1055 προειπεῖν
771 983 800 1035 ἐκ
822 981 871 1052 τῆς
891 983 938 1057 γῆ

144 1065 253 1132 ἐξιέναι·
276 1064 340 1127 τούς
361 1066 391 1123 δὲ
416 1064 486 1124 οὕτω
505 1054 544 1141 ’δή
570 1065 789 1143 ἐκχωρήσαντας,
815 1064 891 1122 ἄλλα
912 1091 943 1122 τε

143 1154 224 1229 σχεῖν
237 1153 336 1230 ’χωρία
358 1153 404 1211 καὶ
426 1153 460 1228 δή
484 1154 530 1211 καὶ
553 1156 678 1229 Λῆμνον.
721 1157 810 1212 ἐκεῖνα
833 1154 885 1228 μὲν
909 1152 942 1226 δή

96 1238 306 1302 138Ἑκαταῖος
324 1239 408 1309 ἐλεξε,
422 1245 510 1299 ταῦτα
529 1240 558 1299 δέ
575 1239 719 1316 Ἀθηναῖοι
735 1241 863 1348 λέγουσι.
907 1243 944 1297 Οἱ

36 1359 38 1362 ⁴
143 1327 173 1386 δὲ
201 1328 350 1408 Πελασγοὶ
380 1326 456 1388 οὗτοι
482 1333 597 1405 Λῆμνον
626 1327 689 1387 τότε
715 1327 870 1405 νεμόμενοι,
898 1329 944 1385 καὶ

141 1415 313 1492 βουλόμενοι
334 1415 399 1479 τούς
422 1416 586 1491 Ἀθηναίους
608 1415 886 1492 τιμωρήσασθαι,’
858 1441 886 1473 ευ
913 1441 944 1474 τε

144 1493 405 1580 ἐξεπιστάμενοι
372 1529 422 1566 τας
434 1502 623 1579 Ἀθηναίων
608 1530 698 1580 ορτας,
713 1500 944 1586 πεντηκοντέρους

143 1590 316 1667 στησάμενοι
337 1590 481 1669 ἐλόχησαν
497 1591 666 1669 Ἀρτέμιδι’
655 1617 682 1650 εν
696 1590 879 1668 Βραυρῶνι’
862 1589 943 1671 αγού-

142 1704 196 1742 σας
209 1679 294 1756 ὁρτήν
309 1680 359 1742 τὰς
372 1685 426 1740 τῶν
440 1679 594 1755 Ἀθηναίων
614 1683 755 1759 γυναῖκας·
778 1679 901 1738 ἐνθεῦτεν
915 1679 944 1736 δὲ

146 1765 322 1843 ἁρπάσαντες
342 1768 459 1827 τουτέων
480 1767 592 1830 πολλὰς
614 1768 725 1845 οἴχοντο
747 1766 943 1828 ἀποπλέοντες·

144 1854 192 1911 καί
203 1859 295 1927 σφεας
310 1858 336 1915 ἐς
347 1858 462 1929 Λῆμνον
476 1854 628 1935 ἀγαγόντες
642 1855 791 1917 παλλακὰς
805 1854 889 1932 εἶχον·
911 1853 945 1916 ὥς

146 1939 175 1998 δέ
192 1940 293 1999 τέκνων
312 1938 393 1999 αὗται
414 1945 442 1998 αἶ
462 1946 589 2021 γυναῖκες
602 1942 837 2017 ὑπεπλήσθησαν,
852 1946 944 2022 γλῶσ-

145 2027 200 2087 σάν
223 2054 253 2088 τε
277 2027 328 2102 τήν
349 2027 480 2103 Ἀττικήν
505 2028 550 2086 καὶ
574 2028 693 2106 τρόπους
716 2033 771 2087 τῶν
794 2029 946 2103 Ἀθηναίων

145 2116 289 2176 ἐδίδασκον
309 2115 374 2178 τούς
397 2115 510 2177 παῖδας·
540 2118 566 2174 οἶ
591 2116 620 2175 δὲ
646 2116 709 2175 οὔτε
732 2117 947 2194 συμμίσγεσθαι

144 2208 220 2263 τοῖσι
242 2210 272 2263 ἐκ
293 2208 347 2264 τῶν
366 2203 552 2284 Πελασγίδων
573 2208 710 2284 γυναικῶν
731 2205 814 2262 παισὶ
834 2202 946 2276 ήθελον,

147 2293 172 2349 εἴ
184 2317 215 2350 τε
227 2289 358 2350 τύπτοιτό
371 2315 413 2352 τις
427 2289 517 2350 αὐτῶν
529 2290 575 2349 ὑπ’
591 2291 697 2349 ἐκείνων
716 2290 797 2358 τινός,
813 2290 948 2364 ἐβοήθεόν

144 2403 176 2460 τε
193 2378 296 2439 πάντες
315 2377 361 2435 καὶ
382 2377 528 2454 ἐτιμώρεον
545 2377 710 2454 όλλήλοισι·
734 2379 778 2435 καὶ
792 2377 826 2451 δή
840 2377 885 2434 καὶ
902 2378 949 2453 ἅρ-

148 2492 209 2544 χειν
224 2490 255 2524 τε
270 2468 325 2524 τῶν
343 2465 448 2524 παιδων
468 2468 495 2523 οἶ
512 2465 607 2528 παῖδες
622 2464 761 2538 ἐδικαίευν,
779 2467 824 2524 καὶ
837 2465 949 2525 πολλὸν

106 2579 110 2589 ’
148 2551 322 2629 ἐπεκράτεον·
350 2552 485 2630 μαθόντες
506 2554 535 2613 δέ
556 2558 644 2614 ταῦτα
666 2557 692 2612 οἶ
715 2553 865 2635 Πελασγοὶ
888 2557 949 2611 ἑωυ-

145 2645 222 2700 τοῖσι
246 2639 349 2721 λόγους
371 2641 509 2701 ἐδίδοσαν·
537 2642 585 2700 καί
605 2648 693 2717 σφισι
714 2643 949 2718 βουλευομένοισι

146 2728 234 2789 δεινόν
248 2754 276 2788 τι
290 2729 408 2798 ἐσέδυνε,
425 2733 448 2788 εί
461 2729 495 2805 δὴ
509 2730 717 2811 διαγινώσκοιεν
735 2731 823 2806 σφίσι
836 2755 867 2788 τε
879 2730 949 2803 βοη-

147 2819 219 2878 θέειν
239 2821 265 2876 οἱ
283 2818 379 2880 παῖδες
397 2817 468 2894 πρός
485 2824 540 2879 τῶν
559 2819 715 2894 κουρίδιέων
733 2821 869 2899 γυναικῶν
886 2815 950 2878 τούς

146 2906 254 2975 παῖδας,
276 2907 323 2965 καὶ
344 2905 449 2966 τούτων
470 2906 568 2966 αὐτίκα
589 2904 684 2983 ἄρχειν
703 2904 847 2984 πειρῴατο,
866 2904 897 2964 τί
916 2902 950 2977 δή

132 2992 326 3068 α’νιξοωθένπες
347 2994 434 3072 δῆθεν
457 2994 633 3072 ποιήσουσι,
655 2993 775 3053 ἐνθαῦτα
798 2992 874 3061 ἔδοξέ
895 2997 951 3064 σφι

114 3081 244 3139 κτεινειν
254 3109 326 3148 τους
334 3084 445 3151 παῖδας
457 3084 528 3150 τούς
541 3089 573 3144 ἐκ
588 3086 643 3144 τῶν
653 3080 807 3142 λττικέων
820 3102 962 3159 γυναικων

100 3169 227 3260 πριειῐσι
254 3170 293 3246 δή
318 3179 429 3250 ταῦτα,
454 3169 740 3255 προσαπολλῦουσι
761 3167 795 3225 δὲ
815 3171 913 3238 σῲεων
939 3184 979 3216 κο

84 3238 146 3302 νας
166 3259 328 3332 μΨΕΡας
376 3263 445 3326 α’πὸ
475 3265 596 3327 τούτου
624 3264 657 3323 δε
682 3286 737 3321 του
764 3255 853 3333 ἔργου
880 3272 928 3305 Καὶ
951 3249 1001 3299 m}
