2024 3450
106 109 245 174 ται-ιιι]
431 115 584 164 omnm.
855 113 902 165 ιιι

107 194 197 264 ίιμως
210 192 368 252 συντίθεται
381 192 534 268 προδοσίην
547 192 707 269 Τιμόξεινος
719 192 736 252 ὁ
751 196 806 252 τῶν
818 193 904 256 Σκιω-

106 278 187 336 ναίων
208 278 374 359 στρατηγός·
398 279 492 339 ὅντινα
509 283 561 353 μὲν
578 280 682 355 τρόπον
702 280 800 358 ἀρχὴν,
819 281 905 360 ἔγωγε

106 364 155 423 ούκ
176 368 229 444 ἔχω
251 371 345 426 εἰπεῖν·
374 367 406 426 ού
427 366 481 446 γάρ
503 365 540 426 ὧν
560 368 681 446 λέγεται·
709 369 790 431 τέλος
809 369 905 444 μέντοι

106 452 198 511 τοιάδε
212 454 325 534 ε’γίνετο·
348 454 416 516 ὅκως
428 454 554 530 βυβλίον
568 453 683 532 γράψειε
701 453 719 529 ἢ
735 455 902 529 Τιμόξεινος,
963 503 964 506 ¹

107 541 209 600 ἐθέλων
237 541 313 617 παρά
340 539 516 617 Ἀρτάβαζον
541 541 659 617 πέμψαι,
687 539 706 615 ἦ
732 540 906 616 Ἀρτάβαζος

106 627 183 704 παρά
209 628 377 704 Τιμόξεινον,
403 627 571 702 τοξεύματος
594 627 671 702 παρὰ
694 627 744 689 τός
765 627 906 707 γλυφιδας

107 715 321 789 περιειλίξαντες
335 715 380 772 καὶ
391 714 582 790 πτερώσαντες
591 713 624 774 τό
638 715 772 790 βυβλίον,
782 714 907 783 ἐτόξευον

109 809 135 864 ἐς
149 803 330 881 συγκείμενον
349 803 460 880 χωρίον.
482 800 614 865 ε’πάϊστος
630 801 660 860 δὲ
676 802 780 882 ἐγίνετο
794 803 810 863 ό
823 801 907 879 Τιμό·

108 892 195 958 ξεινος
221 888 365 964 προδιδούς
391 890 443 965 τήν
469 889 632 949 Ποτίδαιαν·
666 889 784 959 τοξεύων
808 891 864 970 γάρ
890 887 907 949 ό

108 976 283 1053 ’Λρτάβαζος
297 982 324 1039 ές
337 978 369 1038 τό
383 978 571 1059 συγκείμενον,
587 977 717 1056 α’μαρτών
736 982 786 1037 τοῦ
803 977 907 1057 χωρίου

108 1064 214 1139 τούτου,
236 1065 344 1142 βάλλει
365 1066 463 1145 άνδρός
478 1065 668 1142 Ποτιδαιήτεω
685 1066 735 1126 τόν
751 1067 834 1144 ὦμον·
857 1065 908 1127 τόν

109 1153 138 1211 δὲ
150 1155 297 1230 βληθέντα
311 1155 475 1232 περιέδραμε
491 1153 598 1232 ὅμιλος,
613 1155 658 1214 οἶα
675 1155 768 1231 φιλέει
780 1156 909 1236 γίνεσθαι

109 1246 138 1300 έν
164 1243 288 1321 πολέμῳ·
314 1243 340 1303 οἳ
367 1242 465 1302 αύτίκα
491 1242 524 1302 τό
551 1243 672 1319 τόξευμα
698 1242 845 1318 λαβόντες,
873 1241 909 1305 ὦς

110 1330 212 1405 ἔμαθον
233 1331 266 1390 τό
287 1333 421 1407 βυβλίον,
446 1332 546 1406 ἔφερον
570 1330 614 1388 ε’πὶ
638 1330 702 1392 τούς
724 1329 907 1409 στρατηγούς·

24 1428 27 1432 ’
110 1421 201 1494 παρῆν
225 1417 254 1475 δὲ
278 1420 323 1475 καὶ
345 1422 400 1476 τῶν
423 1417 519 1476 ἄλλων
542 1417 729 1491 Παλληναίων
751 1417 908 1494 συμμαχίη·

110 1506 185 1562 τοῖσι
199 1504 228 1561 δὲ
242 1507 427 1584 στρατηγοῖσι
442 1504 667 1578 ἐπιλεξαμένοισι
680 1503 713 1563 τό
723 1504 850 1580 βυβλίον
863 1505 910 1564 καὶ

110 1591 234 1665 μαθοῦσι
254 1590 303 1650 τόν
323 1592 411 1650 αἴτιον
431 1595 481 1666 τῆς
500 1590 659 1667 προδοσίης,
677 1592 690 1650 ἔ
706 1591 752 1660 οξε
769 1591 809 1667 μή
828 1617 909 1651 κατα-

111 1678 212 1746 πλέξαι
228 1677 390 1755 Τιμόξεινον
408 1679 555 1757 προδοσίῃ,
569 1683 618 1753 τῆς
638 1679 793 1742 Σκιωναίων
810 1679 910 1741 πόλιος

112 1764 210 1839 εἵνεκα,
228 1766 269 1842 μή
290 1766 447 1843 νομιζοίατο
469 1767 537 1825 εἶναι
553 1767 697 1830 Σκιωναῖοι
718 1772 745 1829 ἐς
764 1766 813 1826 τόν
832 1767 909 1843 μετέ-

111 1879 193 1912 πειτα
206 1853 308 1932 χρόνον
319 1858 372 1912 αἰει
362 1854 565 1931 προδόται·
550 1882 565 1913 ο
579 1856 630 1929 μὲν
644 1855 678 1930 δὴ
691 1853 806 1914 τοιούτω
792 1853 910 1934 τρόπῳ

112 1940 260 2005 επάῖστος.
257 1941 396 2023 ἐγεγόνεε.
438 1941 603 2049 Ἀρταβάζῳ
619 1941 762 2016 δεὲπειδη
776 1943 957 2018 πολιορ129

112 2031 202 2088 κέοντι
221 2028 387 2110 ἐγεγόνεσαν
404 2034 477 2107 τρεῖς
494 2034 586 2106 μῆνες,
602 2029 708 2139 γίνεται
725 2054 850 2104 αμπωτις
862 2033 912 2103 τῆς

113 2116 262 2193 θαλάσσης
281 2116 393 2198 μεγάλη
414 2119 460 2176 καὶ
481 2117 582 2196 χρόνον
603 2121 648 2174 ε’πι
638 2114 787 2175 πολλόν·
810 2116 912 2178 ἰδόντες

112 2204 140 2262 δὲ
155 2208 182 2264 οἱ
196 2205 343 2282 βάρβαροι
360 2205 475 2286 τέναγος
495 2204 651 2287 γενόμενον,
665 2202 808 2281 παρήῖσαν
821 2209 848 2266 ἐς
859 2202 913 2279 τήν

115 2292 279 2370 Παλλήνην·
313 2293 348 2357 ὦς
369 2294 398 2353 δὲ
418 2292 468 2356 τοὶς
481 2294 529 2353 δύο
549 2297 601 2370 μὲν
620 2293 720 2371 μοίρας
740 2291 912 2369 διοδοιπορή-

114 2406 206 2450 κεσαν,
222 2382 262 2441 ἔτι
282 2382 311 2440 δὲ
331 2386 404 2458 τρεῖς
424 2381 574 2443 ύπόλοιποι
587 2380 671 2456 ἦσαν,
684 2379 735 2442 τός
753 2379 913 2443 διελθόντας

112 2471 184 2543 χρῆν
204 2469 259 2526 ἔσω
275 2470 344 2528 εἶναι
364 2475 393 2529 ἐν
410 2474 446 2546 τῇ
464 2469 612 2547 Παλλήνῃ,
628 2469 734 2543 ε’πῆλθε
751 2467 914 2544 πλημμυρὶς

113 2558 162 2626 τῆς
184 2553 333 2630 θαλάσσης
353 2557 472 2636 μεγάλη,
488 2556 543 2632 ὅση
565 2556 673 2634 οὐδαμά
694 2582 740 2625 κω,
755 2554 789 2617 ιύς
810 2558 837 2614 οἱ
856 2559 912 2613 ε’πι·

113 2639 211 2717 χάριοι
223 2640 349 2721 λέγουσι,
364 2645 503 2707 πολλάκις
515 2645 656 2724 γινομένη.
693 2646 720 2703 οἱ
732 2645 783 2719 μὲν
797 2642 831 2718 δὴ
845 2641 915 2702 νέειν

114 2726 204 2787 αὐτῶν
215 2727 264 2787 ούκ
275 2729 456 2806 ε’πιστάμενοι
466 2731 665 2807 διεφθείροντο·
686 2731 751 2794 τούς
761 2730 790 2789 δὲ
801 2735 915 2790 ε’πιστα·

113 2816 213 2891 μένους
226 2843 252 2876 οι
243 2817 455 2893 Ποτιδαιηται
472 2819 680 2882 ἐπιπλώσαντες
696 2817 858 2877 πλοίοισι’
840 2815 914 2875 απιί-

114 2907 213 2964 λεσαν.
254 2906 343 2964 αἴτιον
364 2906 393 2965 δὲ
413 2908 582 2987 λέγουσιε
558 2933 584 2966 οι
612 2905 850 2978 Ποτιδαιῆται
814 2928 870 2971 της
885 2927 924 2956 τε

112 2993 213 3069 ῥηχίης
226 2994 273 3052 καὶ
287 2997 338 3071 τῆς
358 2996 563 3075 πλημμυρίδος
585 3021 635 3055 και
653 3017 707 3052 του
688 2985 880 3058 mmm
892 3000 950 3029 “³⁰⁸

106 3078 169 3140 θεας
182 3084 318 3160 γενέσθαι
332 3084 441 3159 τόδε,”
427 3114 476 3149 οτι
490 3115 543 3148 του
527 3074 799 3145 Ποῦειδεωνῦς
791 3091 823 3124 ²⁹¹
833 3047 1010 3192 01&vaOE

94 3163 142 3220 Καὶ
156 3167 192 3225 70*
203 3167 384 3252 ἄγαλμα
346 3203 385 3239 το
403 3183 435 3240 ἕρ
455 3182 503 3259 τῶ
520 3168 753 3255 προαστείωη
726 3152 845 3230 ἧςἐβη
842 3157 905 3199 σου
922 3155 942 3182 ⁰
982 3193 1010 3246 τ’

812 3251 854 3287 αν
883 3217 954 3272 2*ss“

84 3274 143 3309 '‘⁰'‘
177 3259 335 3337 Περσέων
365 3270 486 3348 τοίπερ
525 3290 586 3328 και
612 3246 808 3329 διίῴθαθψ
