2024 3450
108 107 157 155 ιιι
408 102 592 152 Ἤνοιοτοτ
818 103 922 169 [vm

114 181 194 246 οὗτος
207 180 279 257 ὃνήρ
293 179 363 243 στάς
382 179 427 240 ἐπὶ
439 178 474 241 τό
489 179 640 257 συνεδριον,
655 180 818 250 ἐξεκαλέετο
834 188 923 260 Θεμι-

114 274 243 346 στοκλῆα
264 267 345 327 ἐόντα
362 270 414 343 μέν
431 271 521 346 ἐωυτῷ
541 267 573 326 ού
594 269 682 342 φίλον
703 268 809 346 ἐχθρόν
829 269 861 328 δὲ
886 272 924 331 τά

114 357 250 434 μάλιστα·
284 355 338 415 ὑπό
360 356 390 414 δέ
408 355 545 436 μεγάθεος
568 359 622 414 τῶν
645 355 806 432 παρεόντων
828 364 924 418 κακῶν

115 443 205 520 λήθην
226 444 334 504 ἐκείνων
353 442 515 518 ποιεύμενος
542 443 711 512 ἐξεκαλέετο,
733 444 826 504 θέλων
846 445 924 526 αύτῷ

115 533 261 609 συμμίξαι·
282 530 438 608 προακήκοε
451 530 481 589 δὲ
495 528 538 589 ὅτι
550 528 698 589 σπεύδοιεν
712 533 739 589 οἱ
752 529 811 592 άπὸ
826 539 922 593 Πελο-

115 621 258 697 ποννήσου
272 618 384 700 άνάγειν
396 618 446 682 τοὶς
458 619 526 690 νῆας
541 616 610 694 πρός
625 615 676 676 τόν
688 616 818 693 Ἰσθμόν·
841 619 879 682 οἷς
892 622 923 681 δὲ

115 709 218 785 ἐξῆλθέ
244 712 271 768 οἶ
298 706 514 782 Θεμιστοκλέης,
538 706 617 785 ἔλεγε
638 703 817 782 Ἀριστείδης
843 709 922 768 τάδε·

116 806 134 831 “
141 795 229 873 ἡμέας
242 794 406 865 στασιάζειν
418 793 501 873 χρεόν
518 798 580 853 ε’στι
598 793 626 852 έν
643 817 674 852 τε
686 796 725 871 τῷ
738 793 821 874 ἄλλῳ
836 802 923 876 καιρῷ

98 885 162 953 ,καὶ
176 885 210 960 δή
224 885 270 943 καὶ
291 889 320 942 ἐν
336 882 412 960 τῷδε,
431 882 494 958 περὶ
512 885 562 941 τοῦ
583 879 711 955 ὁκότερος
727 879 823 958 ἡμέων
841 886 923 944 πλέω

116 970 208 1051 άγαθά
221 971 274 1047 τήν
285 970 407 1046 πατρίδα
421 969 579 1050 ἐργάσεται·
598 971 671 1048 λέγω
685 967 717 1027 δέ
727 994 779 1042 τοι,
796 969 843 1030 ὅτι
855 971 923 1033 ἶσόν

116 1062 177 1116 ἐστι
191 1056 287 1115 πολλά
300 1082 330 1116 τε
349 1056 396 1114 καὶ
415 1055 500 1137 ὀλίγα
517 1057 611 1137 λέγειν
623 1055 687 1132 περὶ
705 1054 858 1118 ἀποπλόου
870 1064 923 1119 τοῦ

117 1146 240 1204 ἐνθεῦτεν
256 1146 525 1220 Πελοποννησίοισι·
559 1143 613 1226 ἐγω
636 1143 691 1223 γάρ
713 1142 856 1221 αι’πόπτης
876 1174 924 1206 τοι

117 1233 191 1314 λέγω
209 1232 363 1314 γενόμενος,
379 1231 422 1291 ὅτι
441 1237 498 1303 νῦν,
518 1231 574 1292 οὐδ’
587 1231 621 1309 ἢν
640 1232 754 1300 θέλωσι,
772 1235 927 1309 Κορίνθιοί

116 1347 147 1380 τε
161 1322 207 1380 καὶ
220 1319 302 1384 αὐτός
315 1318 491 1396 Εὐρυβιάδης
511 1320 569 1380 οἶοί
583 1346 614 1379 τε
631 1321 742 1378 ἔσονται
761 1324 923 1381 ἐκπλῶσαι·

117 1408 302 1488 περιεχόμεθα
328 1407 382 1489 γὰρ
409 1407 463 1468 ύπό
483 1412 538 1468 τῶν
558 1407 700 1484 πολεμίων
720 1405 822 1486 κύκλῳ·
854 1408 923 1468 ἀλλ’

71 1498 109 1556 80
118 1496 241 1558 ἐσελθών
270 1504 326 1573 σφι
357 1500 444 1556 ταῦτα
477 1494 629 1575 σήμηνον.”
669 1494 703 1554 Ὁ
731 1493 755 1552 δ’
781 1495 923 1573 α’μείβετο

117 1586 222 1644 τοῖσδε·
265 1597 281 1620 “
291 1584 378 1662 κάρτα
408 1610 439 1644 τε
469 1582 581 1663 χρηστοὶ
602 1581 782 1662 Ιδιακελεύεαι
809 1585 859 1644 καὶ
892 1585 923 1645 εὖ

117 1672 259 1753 ἤγγειλας·
301 1673 337 1732 τά
362 1673 417 1753 γάρ
445 1672 498 1752 ἐγώ
526 1670 640 1748 ἐδεόμην
666 1671 807 1751 γενέσθαι,
837 1673 923 1737 οὗτός

119 1760 257 1836 αὐτόπτης
283 1760 430 1841 γενόμενος
457 1760 540 1836 ἥκεις·
576 1761 636 1819 ἴσθι
659 1759 714 1839 γάρ
739 1759 770 1828 ἐξ
793 1761 861 1834 ἐμέο
886 1763 923 1821 τά

118 1847 267 1922 ποιεύμενα
287 1847 341 1906 ύπδ
364 1848 477 1922 Μήδων·
513 1848 569 1906 ἔδεε
590 1846 652 1927 γάρ,
674 1846 720 1905 ὅτε
741 1845 791 1904 οὐκ
813 1848 923 1912 ἑκόντες

119 1935 215 1994 ἔθελον
229 1939 257 1997 ἐς
269 1933 364 2014 μάχην
382 1936 569 1995 κατίστασθαι
587 1938 614 1995 οἱ
624 1935 771 2009 Ἕλληνες,
787 1935 923 2000 ἀέκοντας

119 2021 369 2100 παραστήσασθαι·
387 2022 424 2083 σύ
439 2023 476 2093 δέ,
488 2023 600 2101 ἐπείπερ
614 2022 689 2100 ἥκεις
701 2022 815 2101 χρηστά
829 2023 922 2106 α’παγ-

119 2112 237 2190 γέλλων,
261 2110 343 2175 αύτός
367 2118 423 2187 σφι
449 2110 590 2192 ἄγγειλον·
624 2109 659 2188 ἢν
685 2110 739 2191 γάρ
767 2111 822 2191 ἐγώ
850 2111 923 2172 αύτά

118 2199 200 2278 λέγω,
228 2199 299 2268 δόξω
321 2199 436 2262 πλάσας
459 2201 552 2280 λέγειν
579 2200 624 2257 καὶ
651 2197 682 2258 οὗ
706 2198 802 2272 πείσω,
828 2199 865 2262 ὥς
890 2201 924 2260 ού

119 2285 268 2345 ποιεύντων
281 2291 335 2345 τῶν
348 2285 505 2364 βαρβάρων
518 2290 615 2346 ταῦτα·
632 2285 709 2346 άλλά
721 2292 778 2360 σφι
791 2287 925 2366 σήμηνον

120 2370 202 2447 αύτδς
228 2372 376 2447 παρελθών
403 2371 438 2436 ὦς
463 2375 525 2452 ἔχει
569 2374 652 2434 ἐπεᾶν
675 2375 704 2433 δὲ
728 2373 865 2453 σημήνῃς,
888 2375 926 2453 ἢν

119 2460 172 2533 μὲν
185 2457 341 2528 πείθωνται,
352 2463 439 2519 ταῦτα
453 2461 487 2535 δή
501 2461 537 2519 τά
551 2462 700 2521 κάλλιστα·
717 2459 752 2537 ἢν
765 2461 794 2519 δέ
808 2460 926 2524 αύτοῖσι

118 2543 158 2621 μή
179 2543 269 2603 πιστά
288 2546 409 2626 γένηται,
431 2546 528 2624 ὁμοῖον
548 2549 615 2624 ήμῖν
636 2551 724 2608 ἔσται·
752 2548 784 2608 ού
803 2548 859 2630 γὰρ
883 2552 926 2612 ἔτι

120 2630 317 2706 διαδρήσονται
335 2635 411 2712 εἴπερ
429 2636 616 2715 περιεχόμεθα
632 2637 814 2715 πανταχόθεν,
831 2636 866 2701 ὥς
884 2639 925 2700 σι)

72 2719 109 2778 81
119 2716 236 2798 λέγεις.”
277 2724 371 2780 Ταῦτα
405 2725 484 2805 ἔλεγε
517 2725 664 2800 παρελθών
691 2725 707 2784 ό
736 2724 925 2803 Ἀριστειδης,

121 2803 246 2883 φάμενος
266 2807 298 2875 ἐξ
316 2809 430 2888 Αἰγίνης
449 2837 480 2869 τε
500 2810 585 2888 ἥκειν,
608 2813 653 2870 καὶ
672 2811 755 2893 μόγις
775 2817 927 2876 ἐκπλῶσαι

121 2893 215 2954 λοθών
235 2893 300 2957 τούς
321 2898 515 2973 ἐπορμέοντας·
542 2900 723 2979 περιέχεσθαι
743 2898 799 2981 γάρ
815 2905 873 2961 πᾶν
888 2903 926 2965 τὰ

117 2982 312 3062 στρατόπεδον
345 2982 379 3048 τό
412 2985 582 3066 Ἑλληνικόν
611 2988 669 3047 ὑπὸ
694 2992 749 3046 τῶν
775 2992 843 3044 νεῶν
869 2995 927 3048 τῶν

99 3072 227 3153 Ξῲἷέια
247 3078 473 3163 παραρτέεσθαί
490 3105 522 3140 τε
543 3074 742 3154 συνεβούλευε
754 3070 792 3128 ὦς
807 3068 949 3166 ἦλὶἓῆῦῖ

75 3164 203 3234 flf'l‘ovc·
248 3175 304 3236 καὶ
327 3173 347 3238 o‘
370 3178 438 3257 μὲν,
464 3176 564 3235 ταῦτα
587 3167 682 3228 εἶπας,
703 3171 885 3234 V‘T‘mm'
909 3171 969 3199 ων

66 3245 105 3309 ‘53
117 3255 209 3327 αὖτις
222 3268 346 3350 ἐγινετο
363 3268 476 3357 λόγων
493 3248 719 3345 ἆμῴισβασίη“
745 3261 777 3292 ea
788 3231 849 3308 ἹᾶΡ
862 3231 990 3279 *m*
