2024 3450
120 119 167 166 τοι
256 101 258 109 “
418 113 603 162 Ἥυοιουοτ
831 112 934 176 [vm.

123 220 204 256 οντας
231 190 372 266 ἐκπηδέειν
398 195 426 253 ἐς
452 189 503 266 τήν
530 189 690 251 θάλασσαν·
720 186 767 246 καὶ
792 189 848 264 τήν
877 197 935 268 νῆᾳ

122 280 380 354 ἐπικουφισθεῖσαν,
395 277 465 337 οὕτω
476 276 510 352 δὴ
521 277 702 352 α’ποσωθῆναι
714 280 741 338 ἐς
752 275 804 352 τήν
814 275 935 356 Ἀσίην·

123 367 157 428 ώς
176 368 204 425 δὲ
224 369 341 442 ἐκβῆναι
356 366 479 445 τάχιστα
496 371 523 428 ἐς
541 369 595 444 γῆν
612 363 662 422 τόν
677 363 791 439 Ξέρξεα,
806 370 936 441 ποιῆσαι

122 454 237 514 τοιόνδε·
262 454 371 530 ὅτιμὲν
388 455 478 513 ἔσωσε
496 453 633 529 βασιλέος
648 450 699 526 τήν
718 450 822 529 ψυχήν,
843 453 935 532 δωρή-

125 544 233 603 σασθαι
253 543 360 621 χρυσέῃ
387 541 515 619 στεφάνῃ
536 539 586 599 τὸν
608 537 789 614 κυβερνήτεα·
833 541 879 600 ὅτι
903 545 935 603 δέ

125 632 258 708 Περσέων
271 630 398 704 πολλοδς
411 629 548 700 ἀπώλεσε,
564 627 717 703 ἀποταμεῖν
730 624 783 702 τήν
797 632 934 706 κεφαλήν

79 719 239 779 119αὐτοῦ.
283 717 373 782 Οὗτος
394 718 423 777 δὲ
443 716 532 778 ἄλλος
552 716 664 794 λέγεται
685 713 771 794 λόγος
791 717 859 793 περὶ
879 725 934 777 τοῦ

125 807 231 883 Ξέρξεω
250 806 360 875 νόστου,
379 805 504 880 οὐδαμῶς
520 804 613 882 ἔμοιγε
629 801 738 870 πιστός,
752 799 817 862 οὔτε
834 803 932 868 ἄλλως

125 893 187 954 οὔτε
210 894 243 955 τδ
269 894 402 971 Περσέων
424 896 508 951 τοῦτο
530 890 627 952 πάθος·
659 892 683 946 εἷ
703 889 757 968 γὰρ
781 889 815 964 δή
840 896 932 952 ταῦτα

125 980 195 1040 οὕτω
222 981 313 1057 εἰρέθη
340 986 370 1039 ἐκ
391 984 441 1038 τοῦ
469 977 641 1054 κυβερνήτεω
667 975 738 1053 πρός
761 977 877 1053 Ξέρξεα,
902 985 932 1040 ἐν

125 1069 241 1145 μυρίῃσι
254 1067 382 1147 γνώμῃσι
398 1069 465 1142 μίαν
484 1066 533 1125 οὐκ
551 1067 604 1144 ἔχω
623 1065 757 1134 ἀντίξοον,
771 1064 811 1141 μή
831 1067 882 1126 οὐκ
896 1067 932 1128 ἂν

125 1159 243 1231 ποιήσαι
264 1156 390 1230 βασιλέα
410 1154 525 1214 τοιόνδε·
567 1152 632 1216 τούς
651 1154 701 1230 μὲν
722 1157 752 1211 ἐκ
773 1157 824 1213 τοῦ
835 1170 930 1215 ’κατα-

126 1244 290 1321 στρώματος
324 1242 520 1319 καταβιβάσαι
550 1248 577 1304 ἐς
611 1242 709 1316 κοίλην
739 1245 801 1317 νῆα,
834 1243 931 1307 ἐόντας

126 1333 242 1409 Πέρσας
256 1333 302 1391 καὶ
315 1331 448 1409 Περσέων
468 1330 532 1393 τούς
550 1329 681 1406 πρώτους,
698 1333 752 1389 τῶν
768 1329 791 1389 δ’
805 1333 929 1406 ἐρετέων,

127 1420 225 1480 ἐόντων
250 1421 390 1491 Φοινίκων,
414 1419 481 1482 ὅκως
495 1417 553 1478 οὐκ
577 1415 612 1477 ἂν
635 1419 698 1477 ἴσον
720 1419 830 1492 πλῆθος
851 1424 930 1479 τοῖσι

127 1508 260 1586 Πέρσῃσι
282 1509 402 1584 ἐξέβαλε
423 1512 449 1571 ἐς
469 1507 521 1582 τήν
542 1506 702 1567 θάλασσαν.
744 1503 809 1563 ἀλλ’
831 1505 847 1565 ὁ
867 1510 929 1584 μὲν,
996 1581 999 1585 .

127 1595 163 1658 ώς
186 1597 231 1654 καὶ
252 1596 387 1673 πρότερον
412 1597 525 1672 εἴρηται,
549 1593 602 1671 ὁδῷ
624 1592 785 1672 χρεώμενος,
810 1593 870 1670 ἅμα
891 1600 932 1674 τῷ

80 1685 138 1743 120
147 1681 225 1762 ἄλλῳ
246 1688 357 1762 στρατῷ
377 1683 555 1757 ἀπενόστησε
576 1687 603 1744 ἐς
620 1681 672 1757 τήν
691 1679 810 1758 Ἀσίην.·
843 1683 931 1762 Μέγα

49 1789 52 1794 ’
126 1770 155 1829 δὲ
176 1772 222 1829 καὶ
242 1770 305 1831 τόδε
325 1771 485 1848 μαρτύριον·
508 1770 636 1846 φαίνεται
652 1768 707 1849 γάρ
727 1768 831 1845 Ξέρξης
846 1775 875 1830 ἐν
893 1775 931 1850 τῇ

127 1856 218 1917 ὀπίσω
232 1858 331 1935 κομιδῇ
345 1857 511 1934 ἀπικόμενος
525 1861 551 1919 ἐς
565 1855 706 1932 Ἀβδηρα,
721 1857 767 1914 καὶ
784 1857 886 1933 ξεινίην
899 1861 934 1918 τέ
992 1851 994 1855 ’

127 1950 183 2021 σφι
196 1945 371 2022 συνθέμενος,
387 1946 432 2005 καὶ
446 1944 641 2022 δωρησάμενος
658 1943 757 2006 αὐτοῦς
769 1941 886 2023 ἀκινάκῃ
899 1971 932 2004 τε

127 2035 237 2114 χρυσέῳ
248 2034 293 2094 καὶ
303 2033 385 2114 τιήρῃ
395 2032 595 2114 χρυσοπάστῳ·
613 2033 659 2091 καὶ
673 2031 709 2095 οἷς
722 2031 801 2091 αὐτοὶ
811 2031 932 2112 λέγουσι
950 2057 952 2061 ’

126 2121 300 2201 Ἀβδηρῖται,
312 2124 441 2204 λέγοντες
452 2123 516 2199 ἐμοί
527 2147 559 2201 γε
574 2120 699 2197 οὐδαμῶς
708 2118 805 2192 πισταὶ,
818 2124 933 2197 πρῶτον

129 2210 250 2270 ἐλύσατο
270 2210 321 2285 τήν
339 2210 426 2284 ζώνην
444 2209 554 2289 φεύγων
576 2209 607 2277 ἐξ
622 2208 761 2284 Ἀθηνέων
777 2206 878 2278 ὀπίσω,
895 2209 934 2274 οῖς

129 2302 157 2355 ἐν
170 2297 246 2375 άδείῃ
263 2297 322 2356 ἐών·
343 2296 378 2355 τά
399 2297 429 2354 δὲ
440 2295 573 2372 Ἀβδηρα
591 2297 696 2372 ἵδρυται
715 2295 785 2372 πρός
801 2299 851 2355 τοῦ
865 2296 934 2356 Ἑλ-

130 2383 292 2459 λησπόντου
306 2386 419 2459 μᾶλλον
432 2383 451 2459 ἢ
464 2387 514 2444 τοῦ
524 2384 682 2459 Στρυμόνος
693 2385 738 2442 καὶ
748 2387 798 2459 τῆς
807 2382 932 2454 Ἠιόνος,-

129 2470 192 2530 ὅθεν
206 2470 240 2546 δή
253 2497 302 2547 μιν
315 2471 390 2545 φασὶ
404 2473 536 2547 ἐπιβῆναι
550 2471 596 2528 ἐπὶ
609 2470 660 2544 τήν
674 2475 735 2546 νήα.

82 2559 137 2618 121
191 2561 227 2617 Οἱ
249 2558 278 2616 δὲ
293 2558 441 2633 Ἕλληνες,
467 2559 529 2617 ἐπεί
549 2584 579 2617 τε
602 2557 650 2616 οὐκ
677 2559 733 2617 οἶοί
750 2585 781 2617 τε
802 2560 935 2638 ἐγένοπο

129 2645 246 2714 ἐξελέειν
265 2644 317 2720 τήν
332 2637 461 2723 Ἄνδρον,
475 2645 644 2722 τραπόμενοι
666 2651 692 2709 ἐς
713 2646 864 2722 Κάρυστον
886 2649 935 2706 καὶ

129 2731 296 2807 δηῖώσαντες
323 2731 412 2793 αὐτῶν
438 2734 490 2808 τήν
520 2733 621 2812 χώρην,
650 2732 877 2793 α’παλλάσσοντο
906 2741 936 2798 ἐς

129 2821 283 2897 Σαλαμῖνα.
327 2824 423 2897 πρώτα
449 2821 501 2898 μέν
526 2846 575 2880 νυν
602 2823 679 2879 τοῖσι
705 2821 796 2880 θεοῖσι
823 2820 935 2889 ἐξεῖλον

129 2907 272 2985 α’κροθίνια
298 2907 375 2967 ἅλλα
400 2934 431 2969 τε
454 2908 501 2967 καὶ
523 2907 650 2984 τριήρεας
672 2910 744 2985 τρεῖς
757 2908 933 2973 Φοινίσσας·

117 2996 171 3071 τήν
184 3000 244 3076 μέν
264 3003 293 3064 ἐς
315 2997 435 3080 Ἰσθμόν
455 2995 611 3066 ἀναθεῖναι,
622 2994 696 3072 ἢπερ
713 2995 758 3052 ’ἐτι
775 2995 822 3050 καλ
840 2999 870 3054 ἐς
889 3000 942 3067 ἐμὶ

99 3081 147 3155 ἦν·
169 3089 226 3166 ⁷²qu
244 3091 277 3154 δέ
296 3094 348 3156 ἐπὶ
367 3092 507 3161 Σούνιον·
529 3087 584 3164 τὴν
604 3085 637 3144 δε
653 3087 695 3159 τῷ
710 3081 812 3138 Mum
827 3075 913 3180 αἱροῖ)
930 3082 973 3172 ἐςχ

78 3170 262 3248 Σαλαμῖνα·
273 3170 364 3266 ’μετά
379 3188 416 3251 δὲ
432 3189 530 3251 τοῦτο
546 3173 729 3242 διεδάσαντο
747 3163 802 3264 ’ῐῆξ
813 3164 915 3260 Q,
931 3179 983 3250 m}

62 3255 106 3314 ra*
142 3266 316 3349 “kpofflt‘ma
355 3281 561 3363 ἀπέπεμψαν
604 3269 638 3328 ἐς
676 3256 829 3328 Δςλῴους·
869 3257 904 3292 εκ
937 3256 999 3287 των
