2024 3450
129 118 176 164 ιω
427 109 609 158 Ἦνοιουου
869 112 930 176 [122

127 198 178 269 τῆς
199 193 283 267 ἰθείης
301 188 547 266 Λακεδαιμονίοισι
562 189 708 266 πολέμιος·
729 189 763 249 ού
783 191 882 266 μέντοι
898 218 932 274 γε

128 286 156 343 ἐς
167 279 249 341 τέλος
263 281 290 337 οἱ
303 275 447 352 συνήνεικε
459 276 493 337 τό
509 277 591 356 ἔχθος
603 276 636 337 τὸ
654 281 682 340 ἐς
697 277 932 356 Λακεδαιμονίους

128 365 377 448 συγκεκυρημένον·
398 365 459 441 ἥλω
472 364 527 446 γάρ
540 363 744 442 μαντευόμενος
758 369 787 424 ἐν
801 367 934 448 Ζακύνθῳ

127 453 173 514 ὕπ’
205 453 304 523 αὐτῶν,
331 452 377 511 καὶ
404 451 534 512 α’πέθανε.
576 451 592 512 ό
617 453 669 528 μέν
695 478 743 512 νυν
770 451 890 519 θάνατος
915 455 932 516 ὅ

127 541 357 624 Ἡγησιστράτου
381 540 498 618 ὕστερον
525 541 633 622 ἐγένετο
659 543 715 600 τῶν
739 545 931 603 Πλαταιῖκῶν·

127 631 191 691 τότε
205 630 227 690 δ’
242 631 288 690 ἐπὶ
300 635 339 709 τῷ
353 628 473 708 Ἀσωπῷ
491 628 640 706 Μαρδονίῳ
653 629 867 706 μεμισθωμένος
881 630 933 690 ούκ

128 718 235 801 ὀλίγου,
251 717 346 778 ἐθύετό
359 744 390 778 τε
405 717 450 775 καὶ
463 716 650 793 προεθυμέετο
666 714 737 774 κατά
755 741 786 776 τε
801 716 835 776 τό
849 718 932 797 ἔχθος

129 806 162 865 τό
176 806 399 882 Λακεδαιμονίων
413 803 459 863 καὶ
473 803 544 863 κατά
556 803 589 862 τό
603 803 703 879 κέρδος.
762 864 766 870 ,

80 893 119 950 38
169 893 218 957 Ὡς
230 894 260 952 δὲ
271 893 321 954 οὐκ
331 893 490 968 ἐκαλλιέρεε
502 891 573 951 ὥστε
582 889 734 970 μάχεσθαι,
746 890 810 952 οὕτε
819 891 932 956 αύτοῖσι

129 983 269 1058 Πέρσῃσι,
293 979 355 1039 οὔτε
373 982 449 1039 τοῖσι
469 980 529 1056 μετ’
550 980 656 1038 ἐκείνων
678 983 757 1038 ἐοῦσι
774 980 931 1058 Ἑλλήνων·

129 1068 218 1148 (εἶχον
231 1068 286 1148 γοὶρ
300 1068 347 1126 καὶ
360 1064 436 1126 οὗτοι
455 1066 497 1125 ἐπ’
511 1070 616 1127 ἐωυτῶν
631 1065 731 1143 μάντιν
743 1067 930 1149 Ἱππόμαχον,

128 1156 280 1215 Λευκάδιον
294 1154 401 1235 ἄνδρα)
423 1154 602 1230 ἐπιρρεόντων
617 1155 646 1213 δέ
659 1159 713 1215 τῶν
725 1154 872 1232 Ἑλλήνων
885 1160 932 1217 καὶ

128 1244 282 1325 γινομένων,
305 1241 437 1316 πλεύνων,
461 1243 643 1322 Τιμηγενίδης
665 1241 832 1320 ὅἝρπυος,
860 1244 932 1322 α’νηρ

129 1335 264 1409 Θηβαῖος,
281 1331 490 1409 συνεβούλευσε
509 1332 657 1411 Μαρδονίῳ
669 1330 720 1395 τάς
738 1332 863 1409 ἐκβολάς
880 1338 932 1394 τοῦ

131 1423 302 1499 Κιθαιρῶνος
324 1419 454 1496 φυλάξαι,
475 1419 563 1500 λέγων
585 1418 619 1483 ὦς
640 1420 798 1497 ἐπιρρέουσι
819 1424 846 1480 οἶ
861 1421 930 1482 Ἕλ-

129 1513 210 1585 ληνες
227 1512 280 1569 αἰεὶ
298 1510 351 1570 αἰνὰ
369 1513 466 1568 πᾶσαν
485 1507 599 1585 ἡμέρην,
614 1509 660 1568 καὶ
679 1507 714 1572 ιύς
729 1507 931 1588 ἀπολάμψοιτο

82 1599 119 1655 39
130 1599 255 1676 συχνούς.
299 1597 420 1674 Ἡμέραι
434 1597 465 1655 δέ
477 1603 533 1672 σφι
549 1596 791 1672 ἀντικατημένοισι
804 1596 858 1674 ἤδη
873 1603 930 1679 ἐγε-

128 1685 249 1765 γόνεσαν
264 1686 344 1756 ὄκτω,
359 1685 406 1746 ὅτε
419 1689 507 1745 ταῦτα
523 1688 624 1747 ἐκεῖνος
642 1684 830 1759 συνεβούλευε
849 1691 931 1763 Μαρ-

130 1772 218 1851 δονίῳ·
240 1772 256 1833 ὁ
277 1773 306 1831 δὲ
326 1774 422 1849 μαθων
442 1772 494 1848 την
510 1772 673 1849 παραίνεσιν
694 1770 723 1830 εὖ
744 1773 874 1850 ἐχοισαν,
896 1773 932 1838 οἷς

131 1859 253 1937 εὐφρόνη
272 1861 388 1941 ἐγένετο,
402 1860 506 1935 πέμπει
523 1857 576 1934 τὴν
592 1859 677 1918 ἵππον
695 1863 723 1921 ἐς
739 1859 789 1921 τοὶς
807 1860 932 1936 ἐκβολάς

129 1946 180 2011 τάς
201 1948 409 2026 Κιθαιρωνίδας,
429 1946 457 2006 οἳ
478 1947 523 2005 ἐπὶ
542 1947 707 2006 Πλαταιέων
729 1946 857 2023 φέρουσι·
881 1947 932 2012 τοὶς

131 2038 247 2098 Βοιωτοὶ
260 2039 312 2114 μὲν
327 2040 407 2114 Τρεῖς
426 2032 566 2111 Κεφαλάς
585 2035 725 2106 καλέουσι,
741 2032 886 2108 Ἀθηναῖοι
901 2035 932 2094 δὲ

131 2126 221 2204 Δρυὸς
255 2124 401 2201 Κεφαλιίς.
444 2122 619 2199 πεμφθέντες
645 2122 675 2180 δὲ
702 2124 728 2180 οἱ
755 2120 872 2180 ἱππόται
899 2122 932 2181 οὐ

130 2213 220 2289 μάτην
246 2212 389 2272 οἷπίκοντο·
429 2211 614 2287 ἐσβάλλοντα
640 2209 694 2289 γάρ
722 2214 749 2271 ἐς
775 2207 808 2268 τό
835 2209 932 2270 πεδίον

131 2298 314 2375 λαμβάνουσι
331 2297 468 2378 ὑποζύγιά
487 2324 517 2357 τε
538 2297 717 2366 πεντακόσια,
731 2296 809 2355 σιτία
825 2295 932 2377 ἄγοντα

132 2385 187 2444 α’πὸ
206 2384 429 2460 Πελοποννήσου
447 2389 475 2446 ἐς
492 2384 525 2443 τό
547 2384 745 2461 στρατόπεδον,
764 2383 810 2442 καὶ
828 2383 931 2464 άνθρυί-

130 2499 199 2536 πους
223 2473 249 2532 οἳ
272 2472 382 2532 εἵποντο
403 2474 479 2532 τοῖσι
501 2471 620 2552 ζεύγεσι·
646 2471 756 2536 ἑλόντες
777 2473 807 2532 δὲ
827 2472 933 2549 ταύτην

129 2560 181 2636 τήν
200 2559 287 2640 ἄγρην
306 2563 333 2619 οἱ
350 2560 462 2636 Πέρσαι
480 2559 613 2636 ἀφειδέως
632 2558 819 2636 ἐφόνευον,ού
839 2560 932 2636 φειδό-

130 2672 208 2725 μενοι
223 2646 284 2707 ούτε
302 2647 451 2728 ὑποζυγίου
471 2647 582 2711 οὐδενός
598 2646 660 2708 οὔτε
677 2647 832 2724 άνθριύπου·
853 2646 889 2710 οἷς
903 2647 933 2708 δέ

131 2733 200 2811 ἄδην
227 2735 303 2813 εἶχον
330 2736 487 2806 κτείνοντες,
513 2734 549 2795 τά
579 2736 667 2795 λοιπά
694 2734 783 2794 αὐτῶν
810 2733 934 2810 ἤλαυνον

130 2822 371 2902 περιβαλλόμενοι
384 2822 460 2900 παρά
476 2849 507 2883 τε
523 2822 683 2902 Μαρδόνιον
701 2824 747 2882 καὶ
760 2827 788 2886 ἐς
799 2820 833 2883 τό
846 2847 934 2900 στρα-

129 2912 253 2973 τόπεδον.
847 2962 849 2967 .
927 2983 930 2992 Ι

83 3003 132 3073 40,
171 3000 253 3061 Μετοὶ
271 3001 301 3062 δέ
316 3003 400 3062 τοῦτο
417 3001 451 3060 τό
469 3003 550 3081 ἔργον
570 3001 664 3078 ἐτέρας
686 2997 735 3058 δύο
757 3000 862 3074 ἡμέρας
880 2997 935 3060 διέε

121 3099 234 3169 τριφαν,
254 3090 396 3170 οὐδέτεροι
417 3087 590 3168 βουλόμενοι
612 3086 701 3166 μάχης
724 3085 813 3162 ἄρξαι·
843 3087 935 3166 7μέχρι

105 3181 167 3257 μέν
196 3181 255 3264 γάρ
285 3187 338 3243 τοῦ
360 3180 498 3243 Ἀσωποῦ
524 3176 645 3253 ἐπήῖσαν
670 3177 698 3232 ολ
720 3173 864 3272 βάρβαροι
883 3197 943 3229 πει-

94 3266 231 3357 ρώμενοι
259 3277 321 3335 τῶν
344 3269 515 3350 Ἑλλήνων,
540 3265 687 3342 διέβαινον
711 3257 745 3314 Bk
771 3255 919 3322 υἰλιέτείῆυ
940 3255 966 3325 ἦ
