2024 3450
142 120 188 165 286
453 112 637 160 ‘HPOAOTOT
881 109 946 174 [IX.

95 197 133 258 12
182 199 219 254 Οἱ
238 198 290 271 μὲν
312 192 345 268 δή
367 195 394 254 ἐς
415 190 465 251 τόν
483 189 601 267 Ἰσθμόν
621 189 781 269 ήπείγοντο.
822 189 951 272 Ἀργεῖοι

142 285 179 353 δέ,
195 283 256 341 ἐπεί
268 307 299 340 τε
318 280 440 359 τάχιστα
459 279 593 339 ἐπύθοντο
611 277 675 339 τούς
693 277 765 355 μετὰ
779 281 952 340 Παυσανίεω

142 369 343 446 ἐξεληλυθότας
367 373 396 427 ἐκ
421 368 558 445 Σπάρτης,
586 367 731 442 πέμπουσι
754 366 870 442 κήρυκα,
895 374 951 430 τῶν

141 458 337 536 ἡμεροδρόμων
354 457 512 534 α’νευρόντες
527 455 577 515 τόν
597 453 721 531 ἄριστον,
742 458 769 517 ἐς
787 455 840 531 τήν
858 455 952 517 Ἀττι·

142 547 201 622 κήν,
212 547 347 624 πρότερον
361 545 440 605 αὐτοὶ
451 544 599 622 Μαρδονίῳ
613 541 814 618 ὑποδεξάμενοι
828 545 951 622 σχήσειν

142 637 190 694 τόν
215 635 393 711 Σπαρτιήτην
410 633 450 710 μή
473 633 580 701 ἐξιέναι·
601 630 632 694 ὃς
653 630 715 689 ἐπεί
733 655 764 691 τε
785 631 902 691 ἀπίκετο
923 637 951 696 ἐς

140 723 191 786 τάς
210 723 337 799 Ἀθήνας,
360 724 439 802 ἔλεγε
460 720 535 780 τάδε·
569 730 588 755 “
596 719 747 797 Μαρδόνιε,
767 720 897 798 ἔπεμψάν
913 747 951 798 με

141 809 264 891 Ἀργεῖοι
283 809 431 887 φράσοντά
451 835 496 869 τοι
514 807 557 868 ὅτι
576 812 606 867 ἐκ
625 806 833 883 λακεδαίμονος
853 808 949 885 ἐξελή-

142 898 242 974 λυθεή
260 898 363 973 νεότης,
377 899 423 955 καὶ
443 897 477 959 ώς
496 896 528 955 οὐ
547 896 658 955 δυνατοὶ
676 894 764 970 αὐτήν
782 896 876 975 ἴσχειν
893 899 949 957 εἰσὶ

142 977 264 1064 Ἀργεῖοι
284 985 324 1061 μή
350 984 399 1043 οόκ
426 985 534 1053 ἐξιέναι.
576 984 646 1060 πρός
666 987 754 1043 ταῦτα
774 983 898 1065 τώγχανε
919 985 949 1045 εὖ

96 1071 372 1148 13βουλευόμενος.”
412 1070 447 1128 Ὁ
462 1073 513 1147 μέν
534 1072 575 1148 δή,
592 1073 670 1135 εἴπας
685 1076 781 1142 ταῦτα,
796 1071 948 1134 ἀπαλλάσ-

143 1186 210 1220 σετο
223 1158 323 1220 ὀπίσω·
346 1158 505 1236 Μαρδόνιος
518 1161 548 1219 δέ
563 1160 689 1236 οὐδαμῶς
703 1161 743 1219 ἐτι
755 1161 901 1238 πρόθυμος
914 1162 948 1238 ἦν

140 1249 233 1326 μένειν
253 1253 283 1308 ἐν
299 1252 335 1326 τῇ
354 1247 477 1330 Ἀττικῇ,
493 1247 530 1312 ώς
548 1247 653 1324 ἤκουσε
672 1252 768 1308 ταῦτα.
809 1251 876 1326 πρὶν
895 1254 948 1327 μέν

141 1363 190 1397 νυν
210 1335 228 1412 ἢ
249 1336 396 1406 πυθέσθαι,
417 1334 577 1416 ἀνεκώχευε,
600 1337 689 1396 θέλων
710 1337 809 1396 εἰδέναι
828 1337 862 1398 τά
882 1337 947 1418 παρ’

142 1422 294 1501 Ἀθηναίων
315 1423 408 1486 όκοῖόν
428 1450 457 1485 τι
476 1425 640 1500 ποιήσουσι·
662 1425 708 1483 καὶ
729 1422 792 1484 οὔτε
813 1425 947 1503 ἐπήμαινε

142 1511 205 1572 οὔτε
222 1514 331 1574 ἐσίνετο
347 1516 401 1594 γῆν
419 1513 470 1588 τήν
486 1512 624 1588 Ἀττικήν,
644 1513 762 1583 ἐλπίζων
778 1513 824 1572 διά
844 1516 947 1580 παντός

140 1605 191 1660 τοῦ
202 1601 306 1681 χρόνου
322 1599 514 1681 ὁμολογήσειν
530 1600 631 1677 σφέας
654 1600 713 1658 ἐπεὶ
731 1600 761 1659 δέ
780 1601 829 1659 οὐκ
847 1603 946 1676 ἐπειθε,

141 1688 296 1765 πυθόμενος
321 1689 371 1749 τόν
398 1688 490 1748 πάντα
518 1687 615 1770 λόγον,
645 1688 711 1764 πρὶν
737 1685 757 1763 ἢ
782 1688 847 1751 τούς
873 1686 946 1773 μετά

143 1777 308 1835 Παυσανίεω
336 1781 363 1837 ἐς
390 1774 439 1834 τόν
462 1776 579 1852 Ἰσθμόν
606 1777 752 1851 ἐμβαλεῖν,
776 1775 947 1855 ὑπεξεχώρεε

141 1861 289 1937 ἐμπρήσας
308 1888 340 1921 τε
359 1861 411 1925 τάς
431 1861 558 1937 Ἀθήνας,
578 1863 625 1922 καὶ
646 1863 672 1922 εἴ
690 1863 740 1922 κού
759 1889 788 1923 τι
807 1863 893 1939 ὀρθόν
912 1866 947 1941 ἦν

139 1952 196 2009 τῶν
216 1949 327 2029 τειχέων
349 1947 367 2026 ἢ
390 1954 445 2010 τών
468 1950 623 2027 οἰκημάτων
645 1949 663 2026 ἢ
683 1955 738 2009 τῶν
757 1954 830 2027 ἱρῶν,
854 1952 947 2014 πάντα

141 2038 312 2115 καταβαλών
346 2039 393 2098 καὶ
425 2039 588 2119 συγχώσας.
631 2040 764 2114 ἐξήλαυνε
798 2039 828 2098 δὲ
861 2042 948 2102 τῶνδε

57 2143 59 2147 ”
142 2125 251 2196 εἵνεκεν,
266 2126 309 2187 ὅτι
323 2127 387 2188 οὔτε
406 2128 550 2202 ἱππασίμη
564 2126 583 2201 ἦ
599 2127 677 2204 χώρη
695 2124 729 2201 ἦν
749 2125 909 2202 ἦἈττιιιή,
923 2130 950 2189 εί

140 2240 173 2274 τε
186 2220 283 2293 νικῷτο
298 2214 456 2291 συμβαλών
470 2212 628 2282 ἀπάλλαξις
642 2213 690 2272 οὐκ
708 2212 743 2289 ἦν
761 2213 805 2275 ὅτι
820 2214 861 2290 μή
876 2211 948 2276 κατά

141 2301 260 2368 στεινόν,
275 2301 348 2376 ὥστε
361 2301 407 2359 καὶ
425 2299 538 2380 ὀλίγους
558 2302 652 2376 σφέας
669 2301 829 2378 ἀνθρώπους
843 2302 947 2381 ίσχειν.

142 2388 309 2463 ἐβουλεύετο
329 2386 374 2457 ὦν,
395 2387 614 2466 ἐπαναχωρήσας
634 2394 661 2451 ἐς
676 2388 726 2453 τοὶς
746 2389 854 2466 Θήβας,
874 2416 948 2468 συμ-

141 2476 244 2551 βαλεῖν
257 2475 328 2551 πρός
340 2474 409 2535 πόλι
422 2501 453 2535 τε
468 2476 551 2555 φιλίη
565 2477 611 2535 καὶ
624 2477 702 2555 χώρῃ
717 2479 870 2557 ἱππασίμη.

96 2563 133 2622 14
183 2563 341 2639 Μαρδόνιος
353 2566 406 2640 μὲν
419 2563 452 2639 δή
471 2563 649 2643 ὑπεξεχώρεε·
671 2564 724 2641 ήδη
743 2565 774 2624 δέ
793 2570 821 2625 ἐν
839 2570 875 2644 τῇ
892 2565 957 2646 6δῷ

142 2649 214 2710 ἐόντι
225 2650 296 2729 αὐτῷ
309 2651 380 2728 ἦλθε
394 2651 521 2733 α’γγελίη,
531 2652 690 2731 πρόδρομον
704 2652 796 2727 ἄλλην
810 2654 949 2730 στρατιήν

140 2736 218 2813 ἥκειν
231 2742 258 2800 ἐς
272 2740 400 2820 Μέγαρα,
414 2741 638 2818 λακεδαιμονίων
650 2740 768 2820 χιλίους·
790 2739 948 2816 πυθόμενος

141 2826 275 2887 δὲταῦτα
292 2828 466 2904 ἐβουλεύετο,
482 2829 572 2890 θέλων
592 2830 618 2888 εί
637 2854 689 2891 κως
704 2827 819 2890 τούτους
835 2831 949 2903 πρῶτον

136 2915 210 2976 ἐλαι·
251 2915 433 2998 ν’ποστρέψας
460 2916 490 2976 δὲ
514 2916 567 2994 τήν
599 2914 734 2992 στρατιήν
759 2913 811 2993 ἦγε
839 2916 884 2973 ἐπὶ
910 2918 949 2977 τοὶ

118 3007 262 3089 Μέγαρα·
306 3009 329 3090 ἠ
354 3010 388 3073 δὲ
417 3010 507 3072 ἵππος
540 3003 728 3084 προελθοῧσα
759 2999 960 3096 κατιππάσατο

94 3096 211 3176 Χωῇῃν
224 3103 283 3184 ,τήν
302 3103 480 3191 Meyapssa·
525 3097 570 3178 (ἐς
586 3089 694 3164 ταύτην
711 3084 749 3192 δή]
765 3085 914 3180 ἱκαστατμ)
926 3086 982 3180 ἐἶχε

81 3185 245 3276 Ευραίπης
270 3199 315 3262 ro*
335 3197 422 3279 πρός
440 3190 538 3274 ἡλίου
562 3181 707 3246 δῦνῡντοῖ
724 3199 745 3248 η
763 3174 904 3241 mmm]
926 3183 1003 3228 mm

37 3265 413 3372 5vrstarcv‘a’m‘m-r0)
463 3275 567 3356 Μετὰ
590 3271 628 3336 οε
641 3238 1004 3330 ταυταυυῐῡνὶυῆδθ
