<?xml version="1.0" encoding="UTF-8"?>
<!DOCTYPE html PUBLIC "-//W3C//DTD XHTML 1.0 Transitional//EN"
    "http://www.w3.org/TR/xhtml1/DTD/xhtml1-transitional.dtd">
<html xmlns="http://www.w3.org/1999/xhtml" xml:lang="en" lang="en">
 <head>
  <title>
</title>
<meta http-equiv="Content-Type" content="text/html;charset=utf-8" />
  <meta name='ocr-system' content='tesseract 3.04.00' />
  <meta name='ocr-capabilities' content='ocr_page ocr_carea ocr_par ocr_line ocrx_word'/>
</head>
<body>
  <div class='ocr_page' id='page_1' title='image "./recensuitjoseph01herogoog_0298.png"; bbox 0 0 2024 3450; ppageno 0'>
   <div class='ocr_carea' id='block_1_1' title="bbox 53 93 1001 3347">
    <p class='ocr_par' dir='ltr' id='par_1_1' title="bbox 95 93 965 2286">
     <span class='ocr_line' id='line_1_1' title="bbox 101 93 895 173; baseline -0.006 -14"><span class='ocrx_word' id='word_1_1' title='bbox 101 105 205 173; x_wconf 81' lang='lat'>17-19]</span> <span class='ocrx_word' id='word_1_2' title='bbox 404 93 591 155; x_wconf 76' lang='grc' dir='ltr'>Κιιιιοαα.</span> <span class='ocrx_word' id='word_1_3' title='bbox 848 107 895 155; x_wconf 79' lang='grc' dir='ltr'>ιω</span> 
     </span>
     <span class='ocr_line' id='line_1_2' title="bbox 100 183 896 266; baseline 0 -22"><span class='ocrx_word' id='word_1_4' title='bbox 100 185 208 266; x_wconf 80' lang='grc' dir='ltr'>θανάτῳ</span> <span class='ocrx_word' id='word_1_5' title='bbox 228 185 336 255; x_wconf 93' lang='grc' dir='ltr'>δώσειν,</span> <span class='ocrx_word' id='word_1_6' title='bbox 351 185 594 260; x_wconf 78' lang='grc' dir='ltr'>διαβεβλημένους</span> <span class='ocrx_word' id='word_1_7' title='bbox 611 184 665 246; x_wconf 84' lang='grc' dir='ltr'>ύπδ</span> <span class='ocrx_word' id='word_1_8' title='bbox 680 188 846 255; x_wconf 78' lang='grc' dir='ltr'>Θεσσαλῶν,</span> <span class='ocrx_word' id='word_1_9' title='bbox 861 183 896 250; x_wconf 85' lang='grc' dir='ltr'>ώς</span> 
     </span>
     <span class='ocr_line' id='line_1_3' title="bbox 100 271 897 355; baseline 0.004 -23"><span class='ocrx_word' id='word_1_10' title='bbox 100 274 154 355; x_wconf 82' lang='grc' dir='ltr'>ἐγώ</span> <span class='ocrx_word' id='word_1_11' title='bbox 170 274 275 346; x_wconf 80' lang='grc' dir='ltr'>εἰκάζω·</span> <span class='ocrx_word' id='word_1_12' title='bbox 296 279 344 333; x_wconf 83' lang='grc' dir='ltr'>νῦν</span> <span class='ocrx_word' id='word_1_13' title='bbox 362 271 399 332; x_wconf 80' lang='grc' dir='ltr'>ὦν</span> <span class='ocrx_word' id='word_1_14' title='bbox 415 271 498 349; x_wconf 80' lang='grc' dir='ltr'>ἄνδρα</span> <span class='ocrx_word' id='word_1_15' title='bbox 515 271 607 332; x_wconf 89' lang='grc' dir='ltr'>πάντα</span> <span class='ocrx_word' id='word_1_16' title='bbox 622 274 684 333; x_wconf 83' lang='grc' dir='ltr'>τινά</span> <span class='ocrx_word' id='word_1_17' title='bbox 704 273 794 351; x_wconf 82' lang='grc' dir='ltr'>ύμέων</span> <span class='ocrx_word' id='word_1_18' title='bbox 811 273 897 354; x_wconf 90' lang='grc' dir='ltr'>χρεόν</span> 
     </span>
     <span class='ocr_line' id='line_1_4' title="bbox 100 360 896 444; baseline 0.003 -23"><span class='ocrx_word' id='word_1_19' title='bbox 100 367 162 422; x_wconf 89' lang='grc' dir='ltr'>ἐστι</span> <span class='ocrx_word' id='word_1_20' title='bbox 175 363 306 444; x_wconf 81' lang='grc' dir='ltr'>γενέσθαι</span> <span class='ocrx_word' id='word_1_21' title='bbox 318 360 433 442; x_wconf 82' lang='grc' dir='ltr'>ἀγαθόν·</span> <span class='ocrx_word' id='word_1_22' title='bbox 450 361 573 438; x_wconf 78' lang='grc' dir='ltr'>κρέσσον</span> <span class='ocrx_word' id='word_1_23' title='bbox 585 361 640 442; x_wconf 79' lang='grc' dir='ltr'>γάρ</span> <span class='ocrx_word' id='word_1_24' title='bbox 653 362 797 426; x_wconf 83' lang='grc' dir='ltr'>ποιεῦντάς</span> <span class='ocrx_word' id='word_1_25' title='bbox 809 389 837 423; x_wconf 89' lang='grc' dir='ltr'>τι</span> <span class='ocrx_word' id='word_1_26' title='bbox 850 364 896 423; x_wconf 88' lang='grc' dir='ltr'>καὶ</span> 
     </span>
     <span class='ocr_line' id='line_1_5' title="bbox 99 447 965 529; baseline 0.007 -22"><span class='ocrx_word' id='word_1_27' title='bbox 99 449 286 526; x_wconf 77' lang='grc' dir='ltr'>ἀμυνομένους</span> <span class='ocrx_word' id='word_1_28' title='bbox 298 453 466 525; x_wconf 84' lang='grc' dir='ltr'>τελευτῆσαι</span> <span class='ocrx_word' id='word_1_29' title='bbox 475 448 526 509; x_wconf 81' lang='grc' dir='ltr'>τόν</span> <span class='ocrx_word' id='word_1_30' title='bbox 539 452 632 517; x_wconf 78' lang='grc' dir='ltr'>αἰῶνα,</span> <span class='ocrx_word' id='word_1_31' title='bbox 642 447 714 525; x_wconf 82' lang='grc' dir='ltr'>ἥπερ</span> <span class='ocrx_word' id='word_1_32' title='bbox 724 451 897 529; x_wconf 79' lang='grc' dir='ltr'>παρέχοντας</span> <span class='ocrx_word' id='word_1_33' title='bbox 964 493 965 496; x_wconf 63' lang='lat'><em>=</em></span> 
     </span>
     <span class='ocr_line' id='line_1_6' title="bbox 99 535 897 617; baseline 0.005 -23"><span class='ocrx_word' id='word_1_34' title='bbox 99 536 286 615; x_wconf 81' lang='grc' dir='ltr'>διαφθαρῆναι</span> <span class='ocrx_word' id='word_1_35' title='bbox 296 538 436 617; x_wconf 82' lang='grc' dir='ltr'>αἰσχίστῳ</span> <span class='ocrx_word' id='word_1_36' title='bbox 449 536 535 616; x_wconf 91' lang='grc' dir='ltr'>μόρῳ·</span> <span class='ocrx_word' id='word_1_37' title='bbox 552 535 629 595; x_wconf 85' lang='grc' dir='ltr'>ἀλλά</span> <span class='ocrx_word' id='word_1_38' title='bbox 639 537 749 612; x_wconf 85' lang='grc' dir='ltr'>μαθέτω</span> <span class='ocrx_word' id='word_1_39' title='bbox 758 563 799 599; x_wconf 90' lang='grc' dir='ltr'>τις</span> <span class='ocrx_word' id='word_1_40' title='bbox 809 538 897 598; x_wconf 78' lang='grc' dir='ltr'>αὐτῶν</span> 
     </span>
     <span class='ocr_line' id='line_1_7' title="bbox 99 623 896 702; baseline 0.003 -19"><span class='ocrx_word' id='word_1_41' title='bbox 99 624 142 684; x_wconf 86' lang='grc' dir='ltr'>ὅτι</span> <span class='ocrx_word' id='word_1_42' title='bbox 158 624 248 687; x_wconf 89' lang='grc' dir='ltr'>ἐόντες</span> <span class='ocrx_word' id='word_1_43' title='bbox 263 625 409 702; x_wconf 85' lang='grc' dir='ltr'>βάρβαροι</span> <span class='ocrx_word' id='word_1_44' title='bbox 425 624 467 683; x_wconf 83' lang='grc' dir='ltr'>ἐπ’</span> <span class='ocrx_word' id='word_1_45' title='bbox 478 624 605 700; x_wconf 84' lang='grc' dir='ltr'>Ἕλλησι</span> <span class='ocrx_word' id='word_1_46' title='bbox 622 623 739 701; x_wconf 87' lang='grc' dir='ltr'>ἀνδράσι</span> <span class='ocrx_word' id='word_1_47' title='bbox 754 624 841 700; x_wconf 91' lang='grc' dir='ltr'>φόνον</span> <span class='ocrx_word' id='word_1_48' title='bbox 855 628 896 702; x_wconf 78' lang='grc' dir='ltr'>ἔρ</span> 
     </span>
     <span class='ocr_line' id='line_1_8' title="bbox 98 711 943 789; baseline 0.002 -20"><span class='ocrx_word' id='word_1_49' title='bbox 98 711 216 789; x_wconf 79' lang='grc' dir='ltr'>ραψαν.”</span> <span class='ocrx_word' id='word_1_50' title='bbox 256 712 291 770; x_wconf 76' lang='lat' dir='ltr'>‘O</span> <span class='ocrx_word' id='word_1_51' title='bbox 307 715 359 789; x_wconf 82' lang='grc' dir='ltr'>μὲν</span> <span class='ocrx_word' id='word_1_52' title='bbox 375 712 412 772; x_wconf 85' lang='grc' dir='ltr'>ών</span> <span class='ocrx_word' id='word_1_53' title='bbox 428 716 517 772; x_wconf 84' lang='grc' dir='ltr'>ταῦτα</span> <span class='ocrx_word' id='word_1_54' title='bbox 532 712 673 789; x_wconf 88' lang='grc' dir='ltr'>παραίνεε·</span> <span class='ocrx_word' id='word_1_55' title='bbox 695 716 722 771; x_wconf 95' lang='grc' dir='ltr'>οἱ</span> <span class='ocrx_word' id='word_1_56' title='bbox 743 713 772 771; x_wconf 82' lang='grc' dir='ltr'>δὲ</span> <span class='ocrx_word' id='word_1_57' title='bbox 793 714 895 783; x_wconf 86' lang='grc' dir='ltr'>ἱππέες,</span> <span class='ocrx_word' id='word_1_58' title='bbox 906 718 943 776; x_wconf 84' lang='grc'>18</span> 
     </span>
     <span class='ocr_line' id='line_1_9' title="bbox 100 796 897 876; baseline 0.006 -20"><span class='ocrx_word' id='word_1_59' title='bbox 100 800 162 858; x_wconf 85' lang='grc' dir='ltr'>ἐπεί</span> <span class='ocrx_word' id='word_1_60' title='bbox 171 796 208 859; x_wconf 84' lang='grc' dir='ltr'>τέ</span> <span class='ocrx_word' id='word_1_61' title='bbox 224 807 316 876; x_wconf 92' lang='grc' dir='ltr'>σφεας</span> <span class='ocrx_word' id='word_1_62' title='bbox 329 800 531 871; x_wconf 75' lang='grc' dir='ltr'>ἐκυκλώσαντο,</span> <span class='ocrx_word' id='word_1_63' title='bbox 546 800 702 876; x_wconf 78' lang='grc' dir='ltr'>ἐπήλαυνον</span> <span class='ocrx_word' id='word_1_64' title='bbox 716 800 751 863; x_wconf 85' lang='grc' dir='ltr'>ώς</span> <span class='ocrx_word' id='word_1_65' title='bbox 764 799 897 861; x_wconf 82' lang='grc' dir='ltr'>ἀπολεῦν-</span> 
     </span>
     <span class='ocr_line' id='line_1_10' title="bbox 98 887 899 966; baseline 0.005 -21"><span class='ocrx_word' id='word_1_66' title='bbox 98 912 150 961; x_wconf 85' lang='grc' dir='ltr'>τες,</span> <span class='ocrx_word' id='word_1_67' title='bbox 166 889 212 946; x_wconf 88' lang='grc' dir='ltr'>καὶ</span> <span class='ocrx_word' id='word_1_68' title='bbox 226 888 260 963; x_wconf 81' lang='grc' dir='ltr'>δή</span> <span class='ocrx_word' id='word_1_69' title='bbox 274 888 436 949; x_wconf 84' lang='grc' dir='ltr'>διετείνοντο</span> <span class='ocrx_word' id='word_1_70' title='bbox 451 890 488 948; x_wconf 81' lang='grc' dir='ltr'>τὰ</span> <span class='ocrx_word' id='word_1_71' title='bbox 505 890 595 966; x_wconf 85' lang='grc' dir='ltr'>βέλεα</span> <span class='ocrx_word' id='word_1_72' title='bbox 609 888 644 951; x_wconf 86' lang='grc' dir='ltr'>ώς</span> <span class='ocrx_word' id='word_1_73' title='bbox 661 887 828 964; x_wconf 87' lang='grc' dir='ltr'>ἀπήσοντες·</span> <span class='ocrx_word' id='word_1_74' title='bbox 850 891 899 949; x_wconf 88' lang='grc' dir='ltr'>καί</span> 
     </span>
     <span class='ocr_line' id='line_1_11' title="bbox 99 973 896 1053; baseline 0.005 -20"><span class='ocrx_word' id='word_1_75' title='bbox 99 973 148 1034; x_wconf 83' lang='grc' dir='ltr'>κού</span> <span class='ocrx_word' id='word_1_76' title='bbox 167 1001 209 1039; x_wconf 91' lang='grc' dir='ltr'>τις</span> <span class='ocrx_word' id='word_1_77' title='bbox 230 977 275 1034; x_wconf 83' lang='grc' dir='ltr'>καὶ</span> <span class='ocrx_word' id='word_1_78' title='bbox 296 974 396 1051; x_wconf 81' lang='grc' dir='ltr'>ἀπῆκε.</span> <span class='ocrx_word' id='word_1_79' title='bbox 438 977 484 1036; x_wconf 87' lang='grc' dir='ltr'>καὶ</span> <span class='ocrx_word' id='word_1_80' title='bbox 500 980 527 1036; x_wconf 88' lang='grc' dir='ltr'>οἱ</span> <span class='ocrx_word' id='word_1_81' title='bbox 543 976 632 1037; x_wconf 86' lang='grc' dir='ltr'>ἀντίοι</span> <span class='ocrx_word' id='word_1_82' title='bbox 652 977 784 1051; x_wconf 78' lang='grc' dir='ltr'>ἔστασαν,</span> <span class='ocrx_word' id='word_1_83' title='bbox 806 977 896 1053; x_wconf 87' lang='grc' dir='ltr'>πάντη</span> 
     </span>
     <span class='ocr_line' id='line_1_12' title="bbox 99 1064 895 1145; baseline 0.005 -24"><span class='ocrx_word' id='word_1_84' title='bbox 99 1064 306 1143; x_wconf 82' lang='grc' dir='ltr'>συστρέψαντες</span> <span class='ocrx_word' id='word_1_85' title='bbox 320 1064 434 1129; x_wconf 77' lang='grc' dir='ltr'>ἑωυτούς</span> <span class='ocrx_word' id='word_1_86' title='bbox 447 1066 493 1125; x_wconf 89' lang='grc' dir='ltr'>καὶ</span> <span class='ocrx_word' id='word_1_87' title='bbox 506 1064 698 1130; x_wconf 74' lang='grc' dir='ltr'>πυκνώσαντες</span> <span class='ocrx_word' id='word_1_88' title='bbox 711 1065 746 1130; x_wconf 83' lang='grc' dir='ltr'>ώς</span> <span class='ocrx_word' id='word_1_89' title='bbox 757 1065 895 1145; x_wconf 77' lang='grc' dir='ltr'>μάλιστα·</span> 
     </span>
     <span class='ocr_line' id='line_1_13' title="bbox 99 1152 895 1232; baseline 0.005 -22"><span class='ocrx_word' id='word_1_90' title='bbox 99 1152 216 1213; x_wconf 81' lang='grc' dir='ltr'>ἐνθαῦτα</span> <span class='ocrx_word' id='word_1_91' title='bbox 243 1157 270 1212; x_wconf 91' lang='grc' dir='ltr'>οἱ</span> <span class='ocrx_word' id='word_1_92' title='bbox 298 1153 414 1213; x_wconf 81' lang='grc' dir='ltr'>ἱππόται</span> <span class='ocrx_word' id='word_1_93' title='bbox 440 1154 626 1232; x_wconf 73' lang='grc' dir='ltr'>ὑπέστρεφον,</span> <span class='ocrx_word' id='word_1_94' title='bbox 655 1155 701 1214; x_wconf 84' lang='grc' dir='ltr'>καὶ</span> <span class='ocrx_word' id='word_1_95' title='bbox 734 1154 895 1231; x_wconf 88' lang='grc' dir='ltr'>ἀπήλαυνον</span> 
     </span>
     <span class='ocr_line' id='line_1_14' title="bbox 98 1237 896 1322; baseline 0.005 -24"><span class='ocrx_word' id='word_1_96' title='bbox 98 1237 198 1299; x_wconf 80' lang='grc' dir='ltr'>ὀπίσω.</span> <span class='ocrx_word' id='word_1_97' title='bbox 240 1241 289 1301; x_wconf 87' lang='grc' dir='ltr'>ούκ</span> <span class='ocrx_word' id='word_1_98' title='bbox 306 1243 359 1322; x_wconf 81' lang='grc' dir='ltr'>ἔχω</span> <span class='ocrx_word' id='word_1_99' title='bbox 379 1241 401 1300; x_wconf 77' lang='grc' dir='ltr'>δ’</span> <span class='ocrx_word' id='word_1_100' title='bbox 418 1241 551 1318; x_wconf 89' lang='grc' dir='ltr'>άτρεκέως</span> <span class='ocrx_word' id='word_1_101' title='bbox 567 1246 661 1312; x_wconf 84' lang='grc' dir='ltr'>εἰπεῖν,</span> <span class='ocrx_word' id='word_1_102' title='bbox 680 1241 743 1301; x_wconf 80' lang='grc' dir='ltr'>οὔτε</span> <span class='ocrx_word' id='word_1_103' title='bbox 764 1245 787 1300; x_wconf 85' lang='grc' dir='ltr'>εἰ</span> <span class='ocrx_word' id='word_1_104' title='bbox 806 1242 896 1317; x_wconf 81' lang='grc' dir='ltr'>ἦλθον</span> 
     </span>
     <span class='ocr_line' id='line_1_15' title="bbox 97 1329 893 1405; baseline 0.004 -19"><span class='ocrx_word' id='word_1_105' title='bbox 97 1330 148 1402; x_wconf 80' lang='grc' dir='ltr'>μὲν</span> <span class='ocrx_word' id='word_1_106' title='bbox 166 1329 333 1392; x_wconf 79' lang='grc' dir='ltr'>ἀπολέοντες</span> <span class='ocrx_word' id='word_1_107' title='bbox 351 1329 415 1392; x_wconf 77' lang='grc' dir='ltr'>τούς</span> <span class='ocrx_word' id='word_1_108' title='bbox 430 1333 541 1392; x_wconf 84' lang='grc' dir='ltr'>Φωκέας</span> <span class='ocrx_word' id='word_1_109' title='bbox 559 1331 709 1405; x_wconf 85' lang='grc' dir='ltr'>δεηθέντων</span> <span class='ocrx_word' id='word_1_110' title='bbox 729 1333 893 1399; x_wconf 75' lang='grc' dir='ltr'>Θεσσαλῶν,</span> 
     </span>
     <span class='ocr_line' id='line_1_16' title="bbox 98 1415 895 1493; baseline 0.009 -21"><span class='ocrx_word' id='word_1_111' title='bbox 98 1416 158 1473; x_wconf 83' lang='grc' dir='ltr'>ἐπεὶ</span> <span class='ocrx_word' id='word_1_112' title='bbox 171 1417 200 1474; x_wconf 82' lang='grc' dir='ltr'>δέ</span> <span class='ocrx_word' id='word_1_113' title='bbox 214 1416 289 1492; x_wconf 84' lang='grc' dir='ltr'>ώριυν</span> <span class='ocrx_word' id='word_1_114' title='bbox 302 1416 373 1492; x_wconf 80' lang='grc' dir='ltr'>πρός</span> <span class='ocrx_word' id='word_1_115' title='bbox 386 1415 520 1492; x_wconf 71' lang='grc' dir='ltr'>ἀλέξησιν</span> <span class='ocrx_word' id='word_1_116' title='bbox 538 1418 736 1493; x_wconf 88' lang='grc' dir='ltr'>τραπομένους,</span> <span class='ocrx_word' id='word_1_117' title='bbox 755 1416 895 1480; x_wconf 90' lang='grc' dir='ltr'>δείσαντες</span> 
     </span>
     <span class='ocr_line' id='line_1_17' title="bbox 98 1501 895 1583; baseline 0.009 -24"><span class='ocrx_word' id='word_1_118' title='bbox 98 1501 137 1576; x_wconf 82' lang='grc' dir='ltr'>μή</span> <span class='ocrx_word' id='word_1_119' title='bbox 153 1503 199 1559; x_wconf 89' lang='grc' dir='ltr'>καὶ</span> <span class='ocrx_word' id='word_1_120' title='bbox 215 1503 303 1578; x_wconf 88' lang='grc' dir='ltr'>σφίσι</span> <span class='ocrx_word' id='word_1_121' title='bbox 320 1502 435 1583; x_wconf 83' lang='grc' dir='ltr'>γένηται</span> <span class='ocrx_word' id='word_1_122' title='bbox 447 1502 579 1580; x_wconf 90' lang='grc' dir='ltr'>τρώματα</span> <span class='ocrx_word' id='word_1_123' title='bbox 597 1503 667 1563; x_wconf 81' lang='grc' dir='ltr'>οὕτω</span> <span class='ocrx_word' id='word_1_124' title='bbox 686 1503 719 1579; x_wconf 82' lang='grc' dir='ltr'>δή</span> <span class='ocrx_word' id='word_1_125' title='bbox 735 1503 895 1580; x_wconf 89' lang='grc' dir='ltr'>ἀπήλαυνον</span> 
     </span>
     <span class='ocr_line' id='line_1_18' title="bbox 99 1586 895 1670; baseline 0.006 -23"><span class='ocrx_word' id='word_1_126' title='bbox 99 1586 197 1647; x_wconf 86' lang='grc' dir='ltr'>άπίσω·</span> <span class='ocrx_word' id='word_1_127' title='bbox 226 1588 260 1652; x_wconf 81' lang='grc' dir='ltr'>ώς</span> <span class='ocrx_word' id='word_1_128' title='bbox 278 1589 334 1670; x_wconf 83' lang='grc' dir='ltr'>γάρ</span> <span class='ocrx_word' id='word_1_129' title='bbox 354 1596 410 1665; x_wconf 91' lang='grc' dir='ltr'>σφι</span> <span class='ocrx_word' id='word_1_130' title='bbox 430 1592 585 1651; x_wconf 84' lang='grc' dir='ltr'>ἐνετείλατο</span> <span class='ocrx_word' id='word_1_131' title='bbox 605 1591 772 1669; x_wconf 87' lang='grc' dir='ltr'>Μαρδόνιος·</span> <span class='ocrx_word' id='word_1_132' title='bbox 796 1591 851 1652; x_wconf 73' lang='grc' dir='ltr'>οὔτ’</span> <span class='ocrx_word' id='word_1_133' title='bbox 871 1597 895 1652; x_wconf 86' lang='grc' dir='ltr'>εἰ</span> 
     </span>
     <span class='ocr_line' id='line_1_19' title="bbox 98 1674 895 1759; baseline 0.013 -27"><span class='ocrx_word' id='word_1_134' title='bbox 98 1674 186 1735; x_wconf 83' lang='grc' dir='ltr'>αύτῶν</span> <span class='ocrx_word' id='word_1_135' title='bbox 198 1678 362 1753; x_wconf 83' lang='grc' dir='ltr'>πειρηθῆναι</span> <span class='ocrx_word' id='word_1_136' title='bbox 372 1676 497 1754; x_wconf 82' lang='grc' dir='ltr'>ἠθέλησε</span> <span class='ocrx_word' id='word_1_137' title='bbox 511 1680 537 1738; x_wconf 87' lang='grc' dir='ltr'>εἴ</span> <span class='ocrx_word' id='word_1_138' title='bbox 547 1705 575 1739; x_wconf 89' lang='grc' dir='ltr'>τι</span> <span class='ocrx_word' id='word_1_139' title='bbox 587 1676 677 1754; x_wconf 83' lang='grc' dir='ltr'>ἀλκῆς</span> <span class='ocrx_word' id='word_1_140' title='bbox 685 1679 845 1759; x_wconf 89' lang='grc' dir='ltr'>μετέχουσι·</span> <span class='ocrx_word' id='word_1_141' title='bbox 861 1680 895 1744; x_wconf 86' lang='grc' dir='ltr'>ώς</span> 
     </span>
     <span class='ocr_line' id='line_1_20' title="bbox 97 1762 894 1845; baseline 0.014 -24"><span class='ocrx_word' id='word_1_142' title='bbox 97 1762 127 1821; x_wconf 82' lang='grc' dir='ltr'>δὲ</span> <span class='ocrx_word' id='word_1_143' title='bbox 142 1762 233 1823; x_wconf 80' lang='grc' dir='ltr'>ὀπίσω</span> <span class='ocrx_word' id='word_1_144' title='bbox 250 1763 403 1839; x_wconf 85' lang='grc' dir='ltr'>ἀπήλασαν</span> <span class='ocrx_word' id='word_1_145' title='bbox 419 1769 445 1826; x_wconf 93' lang='grc' dir='ltr'>οἱ</span> <span class='ocrx_word' id='word_1_146' title='bbox 462 1766 585 1838; x_wconf 86' lang='grc' dir='ltr'>ἱππόται,</span> <span class='ocrx_word' id='word_1_147' title='bbox 603 1767 717 1845; x_wconf 85' lang='grc' dir='ltr'>πέμψας</span> <span class='ocrx_word' id='word_1_148' title='bbox 737 1768 894 1845; x_wconf 88' lang='grc' dir='ltr'>Μαρδόνιος</span> 
     </span>
     <span class='ocr_line' id='line_1_21' title="bbox 97 1850 894 1934; baseline 0.01 -26"><span class='ocrx_word' id='word_1_149' title='bbox 97 1850 202 1926; x_wconf 88' lang='grc' dir='ltr'>κήρυκα</span> <span class='ocrx_word' id='word_1_150' title='bbox 222 1853 300 1932; x_wconf 80' lang='grc' dir='ltr'>ἔλεγε</span> <span class='ocrx_word' id='word_1_151' title='bbox 320 1852 394 1912; x_wconf 88' lang='grc' dir='ltr'>τάδε·</span> <span class='ocrx_word' id='word_1_152' title='bbox 428 1864 446 1890; x_wconf 87' lang='grc'><strong>“</strong></span> <span class='ocrx_word' id='word_1_153' title='bbox 454 1854 595 1931; x_wconf 89' lang='grc' dir='ltr'>θαρσέετε,</span> <span class='ocrx_word' id='word_1_154' title='bbox 617 1854 637 1914; x_wconf 82' lang='grc' dir='ltr'>ὦ</span> <span class='ocrx_word' id='word_1_155' title='bbox 658 1856 772 1920; x_wconf 87' lang='grc' dir='ltr'>Φωκέες·</span> <span class='ocrx_word' id='word_1_156' title='bbox 799 1856 894 1934; x_wconf 77' lang='grc' dir='ltr'>ἄνδρες</span> 
     </span>
     <span class='ocr_line' id='line_1_22' title="bbox 96 1938 893 2024; baseline 0.01 -29"><span class='ocrx_word' id='word_1_157' title='bbox 96 1938 151 2018; x_wconf 78' lang='grc' dir='ltr'>γάρ</span> <span class='ocrx_word' id='word_1_158' title='bbox 165 1939 285 2015; x_wconf 78' lang='grc' dir='ltr'>ἐφάνητε</span> <span class='ocrx_word' id='word_1_159' title='bbox 299 1938 389 2004; x_wconf 86' lang='grc' dir='ltr'>ἐόντες</span> <span class='ocrx_word' id='word_1_160' title='bbox 402 1941 512 2023; x_wconf 86' lang='grc' dir='ltr'>ἀγαθοὶ,</span> <span class='ocrx_word' id='word_1_161' title='bbox 523 1942 573 2002; x_wconf 78' lang='grc' dir='ltr'>οὐκ</span> <span class='ocrx_word' id='word_1_162' title='bbox 584 1944 619 2006; x_wconf 87' lang='grc' dir='ltr'>ώς</span> <span class='ocrx_word' id='word_1_163' title='bbox 629 1943 682 2024; x_wconf 80' lang='grc' dir='ltr'>ἐγώ</span> <span class='ocrx_word' id='word_1_164' title='bbox 693 1944 893 2020; x_wconf 82' lang='grc' dir='ltr'>ἐπυνθανόμην·</span> 
     </span>
     <span class='ocr_line' id='line_1_23' title="bbox 97 2027 895 2107; baseline 0.006 -24"><span class='ocrx_word' id='word_1_165' title='bbox 97 2027 143 2084; x_wconf 84' lang='grc' dir='ltr'>καὶ</span> <span class='ocrx_word' id='word_1_166' title='bbox 156 2032 203 2086; x_wconf 80' lang='grc' dir='ltr'>νῦν</span> <span class='ocrx_word' id='word_1_167' title='bbox 216 2027 365 2105; x_wconf 78' lang='grc' dir='ltr'>προθύμως</span> <span class='ocrx_word' id='word_1_168' title='bbox 379 2028 478 2106; x_wconf 90' lang='grc' dir='ltr'>φέρετε</span> <span class='ocrx_word' id='word_1_169' title='bbox 491 2029 540 2090; x_wconf 80' lang='grc' dir='ltr'>τόν</span> <span class='ocrx_word' id='word_1_170' title='bbox 553 2030 680 2107; x_wconf 88' lang='grc' dir='ltr'>πόλεμον</span> <span class='ocrx_word' id='word_1_171' title='bbox 693 2035 800 2089; x_wconf 85' lang='grc' dir='ltr'>τοῦτον·</span> <span class='ocrx_word' id='word_1_172' title='bbox 822 2030 895 2106; x_wconf 84' lang='grc' dir='ltr'>εύερ-</span> 
     </span>
     <span class='ocr_line' id='line_1_24' title="bbox 95 2115 894 2196; baseline 0.004 -24"><span class='ocrx_word' id='word_1_173' title='bbox 95 2115 211 2192; x_wconf 85' lang='grc' dir='ltr'>γεσίῃσι</span> <span class='ocrx_word' id='word_1_174' title='bbox 223 2117 278 2196; x_wconf 78' lang='grc' dir='ltr'>γάρ</span> <span class='ocrx_word' id='word_1_175' title='bbox 293 2116 326 2176; x_wconf 85' lang='grc' dir='ltr'>ού</span> <span class='ocrx_word' id='word_1_176' title='bbox 341 2116 468 2194; x_wconf 79' lang='grc' dir='ltr'>νικήσετε</span> <span class='ocrx_word' id='word_1_177' title='bbox 481 2116 544 2178; x_wconf 79' lang='grc' dir='ltr'>οὔτε</span> <span class='ocrx_word' id='word_1_178' title='bbox 554 2116 592 2178; x_wconf 82' lang='grc' dir='ltr'>ὧν</span> <span class='ocrx_word' id='word_1_179' title='bbox 602 2119 658 2194; x_wconf 82' lang='grc' dir='ltr'>ἐμὲ,</span> <span class='ocrx_word' id='word_1_180' title='bbox 670 2116 732 2176; x_wconf 78' lang='grc' dir='ltr'>οὔτε</span> <span class='ocrx_word' id='word_1_181' title='bbox 742 2117 894 2192; x_wconf 85' lang='grc' dir='ltr'>βασιλέα·”</span> 
     </span>
     <span class='ocr_line' id='line_1_25' title="bbox 95 2201 705 2286; baseline 0.007 -26"><span class='ocrx_word' id='word_1_182' title='bbox 95 2201 132 2261; x_wconf 85' lang='grc' dir='ltr'>τά</span> <span class='ocrx_word' id='word_1_183' title='bbox 143 2203 207 2280; x_wconf 87' lang='grc' dir='ltr'>περὶ</span> <span class='ocrx_word' id='word_1_184' title='bbox 219 2206 334 2267; x_wconf 86' lang='grc' dir='ltr'>Φωκέων</span> <span class='ocrx_word' id='word_1_185' title='bbox 346 2207 399 2283; x_wconf 79' lang='grc' dir='ltr'>μὲν</span> <span class='ocrx_word' id='word_1_186' title='bbox 412 2210 439 2269; x_wconf 88' lang='grc' dir='ltr'>ἐς</span> <span class='ocrx_word' id='word_1_187' title='bbox 451 2208 574 2278; x_wconf 80' lang='grc' dir='ltr'>τοσοῦτο</span> <span class='ocrx_word' id='word_1_188' title='bbox 586 2205 705 2286; x_wconf 80' lang='grc' dir='ltr'>ἐγένετο.</span> 
     </span>
    </p>

    <p class='ocr_par' dir='ltr' id='par_1_2' title="bbox 91 2292 940 3080">
     <span class='ocr_line' id='line_1_26' title="bbox 134 2292 940 2371; baseline 0.007 -21"><span class='ocrx_word' id='word_1_189' title='bbox 134 2292 349 2369; x_wconf 85' lang='grc' dir='ltr'>Λακεδαιμόνιοι</span> <span class='ocrx_word' id='word_1_190' title='bbox 372 2293 410 2364; x_wconf 83' lang='grc' dir='ltr'>δὲ,</span> <span class='ocrx_word' id='word_1_191' title='bbox 432 2293 468 2358; x_wconf 87' lang='grc' dir='ltr'>ώς</span> <span class='ocrx_word' id='word_1_192' title='bbox 489 2298 516 2358; x_wconf 82' lang='grc' dir='ltr'>ἐς</span> <span class='ocrx_word' id='word_1_193' title='bbox 536 2293 587 2354; x_wconf 84' lang='grc' dir='ltr'>τόν</span> <span class='ocrx_word' id='word_1_194' title='bbox 606 2293 725 2371; x_wconf 82' lang='grc' dir='ltr'>Ἰσθμόν</span> <span class='ocrx_word' id='word_1_195' title='bbox 745 2293 842 2370; x_wconf 84' lang='grc' dir='ltr'>ἦλθον,</span> <span class='ocrx_word' id='word_1_196' title='bbox 865 2299 940 2357; x_wconf 87' lang='grc' dir='ltr'>ἐν19</span> 
     </span>
     <span class='ocr_line' id='line_1_27' title="bbox 94 2377 894 2458; baseline 0.01 -23"><span class='ocrx_word' id='word_1_197' title='bbox 94 2377 182 2458; x_wconf 90' lang='grc' dir='ltr'>τούτῳ</span> <span class='ocrx_word' id='word_1_198' title='bbox 198 2381 476 2457; x_wconf 80' lang='grc' dir='ltr'>ἐστρατοπεδεύοντο·</span> <span class='ocrx_word' id='word_1_199' title='bbox 497 2380 698 2458; x_wconf 88' lang='grc' dir='ltr'>πυνθανόμενοι</span> <span class='ocrx_word' id='word_1_200' title='bbox 716 2382 746 2440; x_wconf 82' lang='grc' dir='ltr'>δέ</span> <span class='ocrx_word' id='word_1_201' title='bbox 763 2387 851 2443; x_wconf 83' lang='grc' dir='ltr'>ταῦτα</span> <span class='ocrx_word' id='word_1_202' title='bbox 868 2387 894 2443; x_wconf 89' lang='grc' dir='ltr'>οἱ</span> 
     </span>
     <span class='ocr_line' id='line_1_28' title="bbox 94 2467 894 2546; baseline 0.013 -25"><span class='ocrx_word' id='word_1_203' title='bbox 94 2467 191 2524; x_wconf 87' lang='grc' dir='ltr'>λοιποὶ</span> <span class='ocrx_word' id='word_1_204' title='bbox 208 2469 437 2543; x_wconf 88' lang='grc' dir='ltr'>Πελοποννήσιοι</span> <span class='ocrx_word' id='word_1_205' title='bbox 455 2473 532 2529; x_wconf 81' lang='grc' dir='ltr'>τοῖσι</span> <span class='ocrx_word' id='word_1_206' title='bbox 549 2469 585 2529; x_wconf 83' lang='grc' dir='ltr'>τά</span> <span class='ocrx_word' id='word_1_207' title='bbox 606 2469 708 2546; x_wconf 85' lang='grc' dir='ltr'>ἀμείνω</span> <span class='ocrx_word' id='word_1_208' title='bbox 729 2470 848 2542; x_wconf 77' lang='grc' dir='ltr'>ἑάνδανε,</span> <span class='ocrx_word' id='word_1_209' title='bbox 867 2475 894 2531; x_wconf 93' lang='grc' dir='ltr'>οἱ</span> 
     </span>
     <span class='ocr_line' id='line_1_29' title="bbox 95 2550 892 2635; baseline 0.014 -27"><span class='ocrx_word' id='word_1_210' title='bbox 95 2550 125 2609; x_wconf 83' lang='grc' dir='ltr'>δέ</span> <span class='ocrx_word' id='word_1_211' title='bbox 146 2552 192 2610; x_wconf 87' lang='grc' dir='ltr'>καὶ</span> <span class='ocrx_word' id='word_1_212' title='bbox 211 2552 336 2629; x_wconf 81' lang='grc' dir='ltr'>ὁρέοντες</span> <span class='ocrx_word' id='word_1_213' title='bbox 353 2556 474 2624; x_wconf 82' lang='grc' dir='ltr'>ἐξιόντας</span> <span class='ocrx_word' id='word_1_214' title='bbox 492 2556 677 2635; x_wconf 77' lang='grc' dir='ltr'>Σπαρτιήτας,</span> <span class='ocrx_word' id='word_1_215' title='bbox 692 2557 741 2617; x_wconf 83' lang='grc' dir='ltr'>ούκ</span> <span class='ocrx_word' id='word_1_216' title='bbox 760 2559 892 2619; x_wconf 89' lang='grc' dir='ltr'>ἐδικαίευν</span> 
     </span>
     <span class='ocr_line' id='line_1_30' title="bbox 94 2640 895 2723; baseline 0.012 -26"><span class='ocrx_word' id='word_1_217' title='bbox 94 2640 244 2701; x_wconf 82' lang='grc' dir='ltr'>λείπεσθαι</span> <span class='ocrx_word' id='word_1_218' title='bbox 268 2645 319 2717; x_wconf 83' lang='grc' dir='ltr'>τῆς</span> <span class='ocrx_word' id='word_1_219' title='bbox 345 2643 440 2711; x_wconf 80' lang='grc' dir='ltr'>ἐξόδου</span> <span class='ocrx_word' id='word_1_220' title='bbox 465 2645 699 2720; x_wconf 85' lang='grc' dir='ltr'>Λακεδαιμονίων.</span> <span class='ocrx_word' id='word_1_221' title='bbox 740 2651 770 2704; x_wconf 86' lang='grc' dir='ltr'>ἐκ</span> <span class='ocrx_word' id='word_1_222' title='bbox 796 2646 830 2723; x_wconf 83' lang='grc' dir='ltr'>δή</span> <span class='ocrx_word' id='word_1_223' title='bbox 858 2647 895 2707; x_wconf 79' lang='grc' dir='ltr'>ὧν</span> 
     </span>
     <span class='ocr_line' id='line_1_31' title="bbox 95 2727 895 2810; baseline 0.011 -24"><span class='ocrx_word' id='word_1_224' title='bbox 95 2731 144 2786; x_wconf 83' lang='grc' dir='ltr'>τοῦ</span> <span class='ocrx_word' id='word_1_225' title='bbox 177 2727 304 2806; x_wconf 79' lang='grc' dir='ltr'>Ἰσθμοῦ,</span> <span class='ocrx_word' id='word_1_226' title='bbox 332 2730 578 2807; x_wconf 88' lang='grc' dir='ltr'>καλλιερησάντων</span> <span class='ocrx_word' id='word_1_227' title='bbox 602 2736 657 2793; x_wconf 82' lang='grc' dir='ltr'>τῶν</span> <span class='ocrx_word' id='word_1_228' title='bbox 684 2735 755 2809; x_wconf 77' lang='grc' dir='ltr'>ἱρῶν,</span> <span class='ocrx_word' id='word_1_229' title='bbox 785 2735 895 2810; x_wconf 86' lang='grc' dir='ltr'>ἐπορεύ-</span> 
     </span>
     <span class='ocr_line' id='line_1_32' title="bbox 95 2816 894 2882; baseline 0.006 -7"><span class='ocrx_word' id='word_1_230' title='bbox 95 2840 160 2876; x_wconf 89' lang='grc' dir='ltr'>οντο</span> <span class='ocrx_word' id='word_1_231' title='bbox 186 2816 287 2881; x_wconf 87' lang='grc' dir='ltr'>πάντες</span> <span class='ocrx_word' id='word_1_232' title='bbox 315 2818 363 2876; x_wconf 87' lang='grc' dir='ltr'>καὶ</span> <span class='ocrx_word' id='word_1_233' title='bbox 385 2816 561 2878; x_wconf 87' lang='grc' dir='ltr'>ἀπικνέονται</span> <span class='ocrx_word' id='word_1_234' title='bbox 588 2824 615 2882; x_wconf 90' lang='grc' dir='ltr'>ἐς</span> <span class='ocrx_word' id='word_1_235' title='bbox 640 2818 800 2879; x_wconf 80' lang='grc' dir='ltr'>Ἐλευσῖνα·</span> <span class='ocrx_word' id='word_1_236' title='bbox 834 2848 894 2880; x_wconf 92' lang='grc' dir='ltr'>ποι-</span> 
     </span>
     <span class='ocr_line' id='line_1_33' title="bbox 95 2900 911 2983; baseline -0.007 -21"><span class='ocrx_word' id='word_1_237' title='bbox 95 2900 215 2976; x_wconf 84' lang='grc' dir='ltr'>ήσαντες</span> <span class='ocrx_word' id='word_1_238' title='bbox 232 2905 262 2965; x_wconf 81' lang='grc' dir='ltr'>δὲ</span> <span class='ocrx_word' id='word_1_239' title='bbox 279 2903 325 2963; x_wconf 83' lang='grc' dir='ltr'>καὶ</span> <span class='ocrx_word' id='word_1_240' title='bbox 343 2904 462 2965; x_wconf 87' lang='grc' dir='ltr'>ἐνθαῦτα</span> <span class='ocrx_word' id='word_1_241' title='bbox 481 2904 536 2983; x_wconf 85' lang='grc' dir='ltr'>ἱρά,</span> <span class='ocrx_word' id='word_1_242' title='bbox 550 2904 587 2969; x_wconf 82' lang='grc' dir='ltr'>ώς</span> <span class='ocrx_word' id='word_1_243' title='bbox 603 2911 663 2982; x_wconf 82' lang='grc' dir='ltr'>σφι</span> <span class='ocrx_word' id='word_1_244' title='bbox 680 2907 859 2976; x_wconf 61' lang='grc' dir='ltr'>ἐκολλίεῳεε,</span> <span class='ocrx_word' id='word_1_245' title='bbox 871 2905 911 2957; x_wconf 59' lang='grc' dir='ltr'>πὶ</span> 
     </span>
     <span class='ocr_line' id='line_1_34' title="bbox 91 2982 940 3080; baseline -0.007 -32"><span class='ocrx_word' id='word_1_246' title='bbox 91 2990 189 3064; x_wconf 83' lang='grc' dir='ltr'>πράσω</span> <span class='ocrx_word' id='word_1_247' title='bbox 208 2992 387 3072; x_wconf 78' lang='grc' dir='ltr'>ἐπορεύοντο,</span> <span class='ocrx_word' id='word_1_248' title='bbox 409 2992 566 3074; x_wconf 73' lang='grc' dir='ltr'>Ἀθηναῖοι</span> <span class='ocrx_word' id='word_1_249' title='bbox 588 2994 622 3053; x_wconf 75' lang='grc' dir='ltr'>δε</span> <span class='ocrx_word' id='word_1_250' title='bbox 644 2991 711 3068; x_wconf 65' lang='grc' dir='ltr'>ἅμα</span> <span class='ocrx_word' id='word_1_251' title='bbox 732 2988 859 3080; x_wconf 52' lang='grc' dir='ltr'>αἰιτοὶσιοἱ</span> <span class='ocrx_word' id='word_1_252' title='bbox 870 2982 940 3031; x_wconf 49' lang='lat' dir='ltr'>M·</span> 
     </span>
    </p>

    <p class='ocr_par' dir='ltr' id='par_1_3' title="bbox 53 3062 1001 3347">
     <span class='ocr_line' id='line_1_35' title="bbox 72 3062 993 3187; baseline 0.005 -46"><span class='ocrx_word' id='word_1_253' title='bbox 72 3075 184 3146; x_wconf 64' lang='lat' dir='ltr'>ss‘l&#39;ms·</span> <span class='ocrx_word' id='word_1_254' title='bbox 200 3083 258 3157; x_wconf 66' lang='grc' dir='ltr'>μέν</span> <span class='ocrx_word' id='word_1_255' title='bbox 279 3089 311 3144; x_wconf 87' lang='grc' dir='ltr'>ἐκ</span> <span class='ocrx_word' id='word_1_256' title='bbox 334 3087 516 3166; x_wconf 74' lang='grc' dir='ltr'>Σαλαμῖνος</span> <span class='ocrx_word' id='word_1_257' title='bbox 536 3080 751 3163; x_wconf 42' lang='lat' dir='ltr'>wll-&amp;7513</span> <span class='ocrx_word' id='word_1_258' title='bbox 759 3073 800 3128; x_wconf 47' lang='lat' dir='ltr'>Q}</span> <span class='ocrx_word' id='word_1_259' title='bbox 811 3072 846 3167; x_wconf 51' lang='lat' dir='ltr'>{v</span> <span class='ocrx_word' id='word_1_260' title='bbox 860 3062 993 3187; x_wconf 41' lang='grc' dir='ltr'>Ὲζὶζς</span> 
     </span>
     <span class='ocr_line' id='line_1_36' title="bbox 65 3149 1001 3269; baseline 0.018 -40"><span class='ocrx_word' id='word_1_261' title='bbox 65 3161 137 3218; x_wconf 63' lang='lat' dir='ltr'>fffV‘·</span> <span class='ocrx_word' id='word_1_262' title='bbox 168 3165 208 3230; x_wconf 69' lang='grc' dir='ltr'>οἷς</span> <span class='ocrx_word' id='word_1_263' title='bbox 219 3169 255 3230; x_wconf 81' lang='grc' dir='ltr'>δέ</span> <span class='ocrx_word' id='word_1_264' title='bbox 269 3171 332 3251; x_wconf 83' lang='grc' dir='ltr'>ἀρα</span> <span class='ocrx_word' id='word_1_265' title='bbox 344 3175 502 3240; x_wconf 82' lang='grc' dir='ltr'>ἀπίκοντο</span> <span class='ocrx_word' id='word_1_266' title='bbox 524 3181 584 3252; x_wconf 79' lang='grc' dir='ltr'>τῆς</span> <span class='ocrx_word' id='word_1_267' title='bbox 600 3165 767 3233; x_wconf 57' lang='grc' dir='ltr'>80ιωῖἾῖ</span> <span class='ocrx_word' id='word_1_268' title='bbox 781 3160 815 3214; x_wconf 52' lang='grc' dir='ltr'>’ἱῖ</span> <span class='ocrx_word' id='word_1_269' title='bbox 830 3149 908 3237; x_wconf 45' lang='lat' dir='ltr'>m?</span> <span class='ocrx_word' id='word_1_270' title='bbox 934 3153 1001 3269; x_wconf 45' lang='grc' dir='ltr'>Ῥτῳί</span> 
     </span>
     <span class='ocr_line' id='line_1_37' title="bbox 53 3233 949 3347; baseline -0.026 -10"><span class='ocrx_word' id='word_1_271' title='bbox 53 3241 170 3315; x_wconf 35' lang='lat' dir='ltr'>‘amm‘</span> <span class='ocrx_word' id='word_1_272' title='bbox 184 3280 217 3314; x_wconf 62' lang='grc' dir='ltr'>π</span> <span class='ocrx_word' id='word_1_273' title='bbox 232 3258 274 3338; x_wconf 62' lang='grc' dir='ltr'>ὅθ</span> <span class='ocrx_word' id='word_1_274' title='bbox 286 3262 367 3330; x_wconf 79' lang='grc' dir='ltr'>τούς</span> <span class='ocrx_word' id='word_1_275' title='bbox 383 3265 596 3347; x_wconf 66' lang='grc' dir='ltr'>βαρβάρους</span> <span class='ocrx_word' id='word_1_276' title='bbox 619 3256 678 3317; x_wconf 72' lang='grc' dir='ltr'>ἐπὶ</span> <span class='ocrx_word' id='word_1_277' title='bbox 691 3245 757 3319; x_wconf 56' lang='grc' dir='ltr'>τεῖρ’</span> <span class='ocrx_word' id='word_1_278' title='bbox 770 3246 910 3299; x_wconf 41' lang='lat' dir='ltr'>mmm}</span> <span class='ocrx_word' id='word_1_279' title='bbox 925 3233 949 3265; x_wconf 67' lang='lat'><strong>⁰</strong></span> 
     </span>
    </p>
   </div>
   <div class='ocr_carea' id='block_1_2' title="bbox 0 0 1016 3450">
    <p class='ocr_par' dir='ltr' id='par_1_4' title="bbox 0 0 1016 3450">
     <span class='ocr_line' id='line_1_38' title="bbox 0 0 1016 3450; baseline 0 1"><span class='ocrx_word' id='word_1_280' title='bbox 0 0 1016 3450; x_wconf 95' lang='lat' dir='ltr'> </span> 
     </span>
    </p>
   </div>
  </div>
 </body>
</html>
