2024 3450
132 110 165 159 οι
440 113 623 162 ἭΡοΔουου
873 113 934 175 [w.

134 190 260 266 σαμένου
282 189 456 270 Λευτυχίδεω
480 192 631 269 Πέρκαλον
654 192 706 267 τήν
732 191 859 252 Χίλωνος
885 197 936 250 τοῦ

131 278 318 355 Δημαρμένου
336 278 483 358 θυγατέρα,
498 278 514 338 ό
532 278 701 355 Δημάρητος
719 277 935 353 ἐπιβουλεύσας,

131 363 285 442 ἀποστερεῖ
296 366 467 444 Λευτυχίδεα
479 371 529 426 τοῦ
542 366 643 446 γόμου,
659 364 775 441 φθάσας
788 364 871 429 αύτός
883 367 935 442 τήν

132 453 282 529 Πέρκαλον
299 453 429 530 ἁρπάσας
443 455 489 513 καὶ
502 454 581 533 σχών
594 457 721 535 γυναῖκα.
763 451 834 511 κατά
850 458 934 513 τοῦτο

130 541 183 615 μὲν
196 545 234 620 τῷ
247 542 403 619 Λεωνίδα
417 540 435 617 η’
449 542 536 621 ἔχθρη
549 541 568 617 ἦ
582 548 610 605 ἐς
625 540 676 601 τᾶν
690 539 859 617 Δημάρατον
876 545 932 621 ε’νε-

129 626 218 708 γόνεε·
239 627 304 689 τότε
320 629 349 688 δὲ
363 634 393 687 ἐκ
406 633 457 705 τῆς
471 630 645 705 Κλεομένεος
657 630 814 705 προθυμίης
833 627 849 686 ὁ
863 635 933 688 Λευ-

129 717 243 795 τυχίδης
272 715 440 793 κατόμνυται
467 716 647 793 Δημαρήτου,
674 716 732 791 φάς
765 713 850 775 αύτδν
882 716 932 775 ούκ

131 804 292 881 ἱκνεομένως
304 804 469 881 βασιλεύειν
481 805 675 881 Σπαρτιητέων
689 803 737 863 ούκ
752 801 832 863 ἐόντα
845 804 932 862 παῖδα

129 889 307 966 Ἀρίστωνος·
327 884 398 967 μετά
413 891 443 950 δέ
455 890 508 967 τήν
522 893 700 967 κατωμοσίην
714 891 806 950 ἐδίωκε
824 889 931 950 οἶνασιύ·

131 977 184 1046 ζων
206 982 293 1037 ἐκεῖνο
313 977 346 1037 τό
369 979 433 1040 ἔπος
453 978 486 1038 τό
509 978 569 1038 εἶπε
587 978 725 1055 Ἀρίστων
746 977 817 1048 τότε,
838 977 885 1038 ὅτε
905 983 931 1040 οἱ

133 1063 278 1145 ἐξήγγειλε
291 1064 307 1124 ὁ
320 1065 426 1140 οἰκέτης
442 1066 528 1130 παῖδα
547 1067 698 1146 γεγονέναι,
713 1065 728 1124 ὁ
748 1066 778 1124 δὲ
798 1067 931 1142 συμβαλ-

129 1150 263 1227 λεόμενος
275 1150 340 1216 τούς
351 1156 441 1228 μῆνας
451 1152 594 1229 ἀπώμοσε,
606 1152 663 1228 φάς
674 1152 724 1212 ούκ
738 1155 837 1212 ἑωυτοῦ
852 1153 930 1213 εἶναι·

130 1237 229 1298 τούτου
253 1239 287 1316 δή
310 1240 480 1315 ἐπιβατεύων
502 1245 551 1300 τοῦ
572 1240 696 1318 ῥήματος
717 1240 733 1302 ό
751 1239 929 1319 Λευτυχίδης,

129 1325 267 1402 ἀπέφαινε
287 1327 336 1387 τόν
350 1328 520 1405 Δημάρητον
541 1328 604 1389 ούτε
623 1330 654 1399 ἐξ
665 1327 834 1405 Ἀρίστωνος
849 1334 930 1409 γεγο-

129 1413 204 1488 νότα,
220 1414 291 1497 [ούτε
313 1417 473 1495 ἱκνευμένως
493 1417 686 1492 βασιλεύοντα
706 1416 844 1495 Σπάρτης,
865 1416 931 1480 τούς

129 1501 248 1580 ἐφόρους
261 1503 402 1582 μάρτυρας
419 1505 610 1585 παρεχόμενος
630 1506 734 1567 κείνους
747 1504 775 1563 οἳ
787 1504 850 1564 τότε
872 1505 930 1563 ἐτυ·

128 1616 181 1669 χον
198 1591 333 1670 πάρεδροί
348 1618 380 1652 τε
396 1591 486 1658 ἐόντες
502 1595 548 1653 καὶ
566 1592 736 1656 αἶκούσαντες
749 1591 837 1652 ταῦτα
854 1590 929 1668 Ἀρί-

82 1679 119 1736 66
130 1705 244 1743 στωνος.
276 1680 365 1742 Τέλος
378 1680 416 1751 δὲ,
428 1681 527 1742 ἐόντων
539 1678 604 1759 περὶ
617 1681 708 1741 αὐτῶν
721 1681 839 1742 νεικέων·
854 1679 930 1749 ἔδοξε

129 1767 324 1845 Σπαρτιήτῃσι
341 1768 500 1844 ἐπείρεσθαι
515 1769 548 1829 τό
563 1768 735 1848 χρηστήριον
755 1767 788 1827 τό
809 1773 838 1827 ἐν
857 1772 928 1825 Δελ-

129 1857 212 1928 φοῖσι
227 1857 250 1910 εἰ
262 1853 431 1929 Ἀρίστωνος
444 1857 485 1931 εἴη
499 1860 564 1919 παῖς
578 1857 593 1915 ό
609 1854 788 1931 Δημάρητος;
804 1853 929 1931 όνῴστου

128 1940 159 1999 δέ
178 1941 328 2021 γενομένου
353 1945 383 1998 ἐκ
405 1943 536 2018 προνοίης
557 1947 608 2016 τῆς
632 1940 808 2016 Κλεομένεος
829 1946 856 2004 ἐς
877 1941 929 2016 τήν

128 2029 246 2104 Πυθίην,
266 2029 384 2088 ἐνθαῦτα
402 2030 602 2104 προσποιέεται
620 2028 783 2102 Κλεομένης
804 2027 929 2101 Κόβωνα

129 2114 179 2176 τόν
188 2115 421 2194 Ἀριστοφάντου,
431 2114 516 2191 ἄνδρα
528 2120 556 2174 ἐν
565 2117 710 2189 Δελφοῖσι
724 2113 928 2174 δυναστεύοντα

127 2204 272 2284 μέγιστον·
293 2202 309 2262 ό
332 2202 361 2260 δέ
384 2200 489 2276 Κόβων
514 2202 680 2278 Περίαλλαν
700 2200 753 2276 τήν
773 2200 928 2276 πρόμαντιν

127 2290 270 2350 ἀναπείθει
287 2288 322 2349 τά
338 2289 501 2366 Κλεομένης
520 2290 655 2367 ἐβούλετο
675 2290 810 2370 λέγεσθαι
824 2289 926 2368 λέγειν,

128 2377 199 2436 οὕτω
223 2376 257 2452 δή
280 2376 299 2451 ή
321 2377 423 2451 Πυθίη,
449 2377 655 2455 ἐπειρωτώντων
678 2380 732 2437 τῶν
755 2376 925 2453 θεοπρόπων,

128 2467 214 2541 ἔκρινε
221 2464 261 2539 μή
269 2463 437 2541 Ἀρίστωνος
445 2466 514 2526 εἶναι
523 2464 692 2543 Δημάρητον
702 2465 798 2523 παῖδα.
820 2464 927 2544 ὑστέρῳ

126 2553 222 2628 μέντοι
239 2550 331 2631 χρόνῳ
350 2551 498 2614 α’νάπυστα
518 2556 626 2637 ἐγένετο
646 2557 742 2623 ταῦτα,
757 2553 803 2611 καὶ
821 2552 927 2628 Κόβων

126 2666 158 2700 τε
181 2641 268 2720 ἐφυγε
292 2645 322 2699 ἐκ
343 2645 466 2717 Δελφῶν
490 2645 536 2702 καὶ
556 2640 706 2717 Περίαλλα
728 2639 747 2716 ή
772 2639 926 2716 πρόμαντις

127 2726 255 2803 ἐπαύσθη
275 2731 326 2803 τῆς
345 2732 434 2805 τιμῆς.
492 2756 502 2773 ·

36 2873 39 2877 ,
80 2817 117 2879 67
160 2814 243 2874 Κατοὶ
269 2818 321 2891 μὲν
347 2816 381 2892 δή
410 2815 580 2892 Δημαρήτου
603 2814 655 2890 τήν
680 2815 855 2875 κατάπαυσιν
876 2819 927 2890 τῆς

126 2903 283 2980 βασιληίης
301 2904 371 2963 οὕτω
390 2905 507 2983 ἐγένετο.
549 2904 649 2983 ἔφευγε
668 2905 698 2962 δέ
714 2903 882 2979 Δημάρητος
897 2908 927 2960 ἐκ

114 2992 255 3072 Σπαρτης
273 2997 302 3056 ἐς
320 2991 436 3070 Μήδους
455 2996 485 3050 ἐκ
502 2991 610 3050 τοιοῦδε
633 2990 758 3054 ὀνείδεος·
785 2991 857 3066 μετά
877 2994 927 3064 τῆς

96 3079 274 3158 βασιληίης
291 3081 347 3160 τήν
367 3081 549 3143 κατάπαυσιν
563 3079 580 3140 ό
597 3079 769 3157 Δημάρητος
779 3077 853 3152 ἦρχε
863 3081 934 3150 αἱρε-

87 3162 153 3225 θείς
174 3168 288 3250 ἅρχήν.
334 3171 418 3252 ἦσαν
438 3176 493 3252 μὲν
514 3171 551 3248 δὴ
566 3166 786 3254 γυμνοπαιδίαι·
814 3161 955 3232 θεωμένου

71 3242 108 3300 δὲ
120 3259 185 3312 τοῦ
195 3262 411 3344 Δημαρήτου,
429 3263 449 3327 ὁ
462 3259 654 3344 Λευτυχίδης
675 3248 808 3336 γεγονιδς
818 3245 878 3320 ἤδη
889 3240 977 3299 αύτδς
