2024 3450
142 117 190 165 τοι
445 109 626 160 Ἤτοιοτοτ
842 122 845 127 -
875 109 943 176 [lx

142 194 380 269 τοπεδευομένους,
395 193 567 270 φρασθέντες
587 191 617 251 δέ
634 193 719 252 τοῦτο
732 192 944 253 ἀντετάσσοντο

95 286 133 344 20
143 284 188 341 ε’πὶ
205 286 255 357 τῆς
269 279 403 357 ύπωρείης
425 284 475 339 τοῦ
499 281 681 356 Κιθαιρῶνος.
722 278 884 356 Μαρδόνιος
904 280 944 351 δέ,

143 369 178 433 ιύς
192 369 223 429 ού
234 370 400 444 κατέβαινον
411 367 583 443 οἱἜλληνες
597 372 624 430 ἐς
636 367 670 426 τό
679 367 784 439 πεδίον,
795 366 903 445 πέμπει
916 373 945 432 ἐς

143 458 241 522 αύτούς
260 463 356 518 πᾶσαν
373 458 426 534 τὴν
445 458 537 527 ἵππον,
550 461 602 533 τῆς
617 455 754 535 ἱππάρχεε
768 458 944 528 Μασίστιος,

143 547 306 624 εὐδοκιμέων
319 546 396 623 παρά
406 546 546 624 Πέρσησι,
558 545 768 625 (τδνἘλληνες
781 546 945 607 Μακίστιον

143 637 297 717 καλέουσι,)
320 635 406 695 ἵππον
426 637 495 713 ἔχων
521 637 652 702 Νισαῖον,
676 632 890 712 χρυσοχάλινόν
912 661 945 695 τε

144 725 190 784 καὶ
208 723 302 787 ἄλλως
321 723 529 800 κεκοσμημένον
548 725 649 784 καλῶς·
669 722 787 781 ἐνθαῦτα
801 720 837 784 οἷς
853 749 943 800 προσ-

142 812 256 888 ήλασαν
272 817 298 872 οἱ
317 810 433 871 ἱππόται
448 811 518 888 πρὸς
535 809 759 885 τούςἝλληνας,
776 809 944 886 προσέβαλ-

143 905 195 959 λον
212 901 281 960 κατά
301 901 393 958 τέλεα·
420 899 658 976 προσβάλλοντες
677 898 707 956 δέ
731 896 803 956 κακά
829 899 945 979 μεγάλα

96 989 132 1046 21
144 988 299 1066 ἐργάζοντο,
322 989 367 1044 καὶ
387 986 518 1066 γυναῖκάς
538 993 629 1062 σφεας
652 984 816 1046 ἀπεκάλεον.
861 987 946 1047 Κατά

144 1075 294 1152 συντυχίην
311 1075 340 1132 δὲ
358 1075 501 1154 Μεγαρέες
520 1076 618 1152 ἐτυχσν
635 1075 784 1152 ταχθέντες
801 1071 826 1152 ᾖ
836 1073 871 1133 τδ
887 1080 946 1135 ἐπι-

141 1160 307 1241 μαχώτατον
326 1160 361 1238 ἦν
387 1165 437 1222 τοῦ
462 1164 564 1240 χωρίου
589 1162 701 1224 παντός·
732 1161 779 1219 καὶ
802 1161 947 1237 πρόσοδος

142 1249 271 1327 μάλιστα
285 1250 372 1329 ταύτῃ
391 1249 497 1331 ἐγίνετο
509 1254 545 1329 τῇ
559 1251 643 1329 ίππιρ·
664 1248 895 1327 προσβαλούσης
908 1251 948 1312 ὧν

143 1342 193 1415 τῆς
207 1339 301 1410 ἵππου,
315 1342 342 1398 oz
356 1340 499 1420 Μεγαρέες
511 1338 668 1415 πιεζόμενοι
681 1339 805 1413 ἔπεμπον
819 1339 866 1396 ε’πὶ
879 1340 947 1404 τούς

144 1427 319 1509 στρατηγούς
334 1432 389 1487 τῶν
405 1427 549 1502 Ἑλλήνων
565 1425 679 1504 κήρυκα·
700 1425 868 1502 ἀπικόμενος
885 1427 946 1488 δέό

147 1514 233 1591 κήρυξ
244 1516 315 1592 πρός
333 1514 432 1577 αύτούς
445 1515 523 1595 έλεγε
536 1515 611 1574 τάδε·
632 1525 650 1550 “
658 1514 801 1594 Μεγαρέες
814 1514 946 1595 λέγουσι·

144 1601 231 1678 ήμεῖς,
245 1602 341 1680 ἀνδρες
361 1603 516 1681 σύμμαχοι,
531 1602 563 1662 ού
584 1602 697 1661 δυνατοί
715 1607 789 1677 εἶμεν
801 1601 854 1677 τήν
871 1609 947 1680 Περ-

144 1692 216 1750 σέων
234 1692 319 1751 ἵππον
335 1692 464 1751 δέκεσθαι
482 1696 588 1767 μοῦνοι,
603 1693 712 1770 ἔχοντες
724 1688 829 1750 στάσιν
840 1692 948 1768 ταύτην

145 1783 172 1840 ἐς
188 1778 240 1853 τήν
258 1779 378 1854 ἔστημεν
396 1777 495 1856 ἀρχήν·
516 1777 593 1838 ἀλλά
607 1780 653 1837 καὶ
666 1785 694 1842 ἐς
705 1779 769 1838 τόδε
781 1780 902 1858 λιπαρίῃ
914 1806 947 1839 τε

145 1864 191 1921 καὶ
209 1864 295 1942 ἀρετῇ
313 1865 473 1943 ἀντέχομεν,
488 1868 587 1943 καίπερ
600 1866 780 1943 πιεζεύμενοι·
801 1869 851 1925 νῦν
864 1892 905 1939 τε,
922 1872 949 1926 εἰ

144 1950 184 2027 μή
197 1977 272 2014 τινας
285 1951 389 2014 ἅλλους
403 1954 526 2030 πέμψετε
540 1954 685 2033 διαδόχους
697 1957 747 2029 τῆς
760 1953 862 2023 τάξιος,
882 1957 948 2014 ἴστε

144 2039 231 2116 ήμέας
247 2042 425 2120 ἐκλείψοντας
442 2041 493 2117 τήν
508 2042 612 2113 τάξιν.”
633 2042 650 2102 ό
665 2045 717 2119 μὲν
734 2039 768 2114 δή
785 2048 842 2116 σφι
855 2047 947 2103 ταῦτα

145 2127 308 2211 ἀπήγγειλε·
330 2131 493 2206 Παυσανίης
506 2130 535 2189 δέ
548 2130 718 2207 ἀπεπειρᾶτο
726 2133 780 2188 τῶν
788 2128 946 2205 Ἑλλήνων,

148 2218 174 2274 εί
192 2244 262 2280 τινες
283 2219 404 2278 ἐθέλοιεν
425 2218 510 2277 ἄλλοι
532 2218 675 2294 ἐθελονταὶ
697 2217 764 2277 ἰέναι
790 2242 821 2275 τε
844 2221 872 2279 ἐς
895 2218 948 2278 τάν

147 2309 238 2383 χῶρον
254 2310 362 2375 τοῦτον,
381 2308 427 2365 καὶ
444 2306 605 2366 τάσσεσθαι
624 2305 748 2384 διάδοχοι
767 2309 946 2383 Μεγαρεῦσι·

146 2391 178 2450 ού
190 2394 372 2469 βουλομένων
385 2393 415 2453 δὲ
428 2396 482 2452 τῶν
495 2391 598 2462 ἀλλων,
611 2393 756 2469 Ἀθηναῖοι
768 2391 947 2464 ἀπεδέξαντο,

146 2480 190 2538 καὶ
208 2479 360 2557 Ἀθηναίων
380 2483 407 2540 οἱ
423 2481 579 2558 τριηκόσιοι
596 2481 715 2562 λογάδες
733 2485 788 2540 τῶν
809 2480 947 2562 ἐλοχήγεε

98 2567 373 2646 22Ὀλυμπιόδωρος
400 2568 415 2629 ό
441 2568 606 2647 Λάμπωνος.
649 2566 735 2628 Οὗτοι
761 2567 836 2643 ἦσαν
859 2569 891 2626 ὀἶ
915 2595 947 2628 τε

145 2653 350 2730 ἀποδεξάμενοι,
368 2658 414 2715 καὶ
428 2660 454 2717 οἱ
467 2657 522 2734 πρό
537 2660 592 2718 τῶν
605 2655 700 2716 ἀλλων
713 2660 768 2716 τῶν
786 2654 945 2732 παρεόντων

107 2791 109 2795 ,
144 2738 289 2814 Ἑλλήνων
302 2746 329 2804 ἐς
337 2741 475 2819 Ἐρυθράς
486 2745 643 2823 ταχθέντες,
656 2743 720 2807 τοία
730 2742 846 2813 τοξότας
855 2769 947 2819 προσ-

145 2826 283 2904 ελόμενοι·
309 2830 475 2907 μαχομένων
495 2832 527 2890 δέ
545 2837 642 2906 σφεων
663 2833 708 2890 ἐπὶ
721 2831 948 2910 Δχρόνον,.τέλος

145 2915 252 2976 τοιόνδε
278 2916 386 2998 ἐγένετο
412 2921 463 2993 τῆς
488 2917 590 2997 μάχης·
621 2919 870 2995 προσβαλλούσης
894 2924 948 2995 τῆς

147 3004 232 3065 ἵππου
246 3004 316 3064 κατά
327 3004 417 3077 τελεα,
434 3004 449 3064 ό
463 3005 629 3065 Μασιστίου
641 3007 769 3086 προέχων
781 3011 835 3068 τῶν
848 3005 948 3068 ἀλλων

142 3092 229 3157 ἵππος
242 3093 391 3172 βάλλεται
407 3091 556 3172 τοξεύματι
571 3093 607 3154 τά
624 3094 741 3171 πλευρά·
762 3093 893 3173 ἀλγήσας
907 3095 947 3166 δέ,

58 3170 73 3254 λ
128 3181 254 3246 ἵσταταί
274 3213 309 3249 τε
332 3185 420 3268 σ’ρθδς
444 3185 493 3249 καὶ
515 3183 683 3247 ἀποσείεται
704 3183 753 3242 τὸν
776 3182 952 3239 Μασίστιον·

117 3272 246 3338 πεσόντι
264 3278 300 3340 δὲ
321 3280 404 3363 αύτῷ
422 3283 453 3344 οἱ
471 3278 628 3356 Ἀθηναῖοι
640 3270 746 3330 αύτίκο.
757 3264 899 3323 ἐπεκέατο·
922 3263 974 3316 τοι·
