2024 3450
104 101 150 152 ιιι
415 96 600 146 Ηνοοουου
829 99 904 163 [vu

101 175 285 252 πόνθαμεν’
257 174 426 282 οικτρότερα·
440 178 470 234 ἐν
481 173 536 255 γὰρ
547 173 620 235 οὕτω
629 176 735 256 βραχέῖ
747 178 804 257 βίῳ
818 179 906 245 οὐδεὶς

103 263 174 323 οὕτω
193 261 393 339 ἄνθρωπος’
359 288 411 322 εων
432 261 567 339 εὖδαίμιυν
585 263 750 339 πέφυκε,”
717 291 782 324 ουτε
801 265 906 327 τούτων

102 349 164 409 οὔτε
184 353 240 410 τῶν
260 348 414 420 ἄλλων,
377 376 415 429 τιρ
429 350 461 408 06
474 351 689 427 παραστήσεται
704 352 845 414 πολλάκις
858 356 903 411 καὶ

101 437 162 497 οὐκὶ
183 437 260 507 ἅπαξ
278 437 407 498 τεθνάναι
426 436 589 514 βούλεσθαι
606 437 753 515 μᾶλλον
736 465 755 514 η
771 437 908 509 ζόαναῖ

100 522 131 586 τε
146 526 201 607 γάρ
218 527 365 605 συμφοραὶ
378 527 612 604 προσπίπτουσαι
626 528 671 586 καὶ
684 553 714 585 αι
726 531 824 586 νοῦσοι
838 554 903 587 συν-

102 614 300 691 ταράσσουσαι
314 640 360 674 και
350 613 527 692 βραχιιν”
498 640 581 675 εοντα
592 614 700 693 μακρόν
712 613 860 674 δοκίειν’
834 641 903 676 ειναι

102 707 212 763 ποιεῦσι
231 703 282 765 τόν
301 704 376 781 βίον·
405 701 475 761 οὕτω
497 701 514 762 6
533 704 587 779 μέν
608 702 735 775 θάνατος,
758 705 906 781 μοχθηρῆς

101 790 202 867 ἐούσης
214 796 265 867 τῆς
278 790 348 866 ζόης,
364 790 513 871 καταφυγὴ
534 791 704 868 αἱρετωτάτη
717 794 756 870 τῷ
769 790 904 871 άνθριόπῳ

99 880 207 959 γέγονε·
229 879 245 938 6
259 879 288 937 δέ
302 878 364 941 θεὸς
376 876 483 957 γλυκῦν
498 877 604 958 γεύσας
623 880 674 939 τόν
694 884 787 949 αἰῶνα,
803 881 903 952 φθονε-

53 966 148 1041 47ρὸς
170 972 200 1026 ἐν
221 965 294 1044 αὐτῷ
317 964 473 1042 εὑρίσκεται
494 964 571 1025 ἐιόν.”
612 967 718 1043 Ξέρξης
739 968 769 1026 δέ
791 966 905 1045 άμείβε·

99 1078 132 1112 το
152 1053 253 1132 λέγων·
273 1063 291 1087 “
298 1051 465 1128 Ἀρτάβανε,
479 1053 581 1126 βιοτῆς
594 1055 646 1128 μέν
664 1079 711 1112 νυν
727 1053 906 1132 ἀνθρωπηίης

100 1139 172 1217 πέρι,
182 1138 283 1215 ἐούσης
294 1137 422 1213 τοιαύτης
436 1139 551 1216 οἴηνπερ
565 1139 603 1198 σι)
616 1141 733 1216 διαιρέαι
747 1141 824 1211 εἶναι,
834 1170 903 1203 που·

100 1226 315 1305 σῶμεθα,”μηδέ
339 1229 428 1285 κακῶν
451 1226 634 1303 μεμνειόμεθα
657 1227 770 1305 χρηστοὶ
794 1230 903 1306 ἔχοντες

99 1315 252 1398 πρήγματα
273 1321 302 1376 ἐν
318 1314 410 1396 χερσί·
434 1312 547 1391 φράσον
565 1314 598 1373 δέ
613 1340 662 1391 μοι
681 1313 756 1373 τάδε’
778 1316 803 1374 εἶ
819 1342 864 1375 τοι
884 1318 903 1392 ἦ

100 1404 164 1485 ὄψις
181 1409 231 1465 τοῦ
248 1405 373 1465 ἐνυπνίου
393 1401 434 1479 μη
450 1401 566 1483 ἐναργὴς
579 1401 650 1463 οὕτω
663 1401 762 1478 ἐφάνη,
776 1403 849 1482 εἶχες
869 1403 903 1463 ἂν

99 1492 152 1569 τὴν
173 1492 292 1573 ἀρχαίην
309 1484 421 1574 ηνιόμην
438 1490 488 1551 ου’κ
509 1495 560 1551 ἐῶν
579 1517 615 1567 με
633 1490 838 1568 στρατεύεσθαι
857 1494 903 1551 ἐπὶ

100 1582 152 1657 τήν
164 1581 300 1652 Ἐλλάδα,
313 1580 332 1658 ἢ
344 1582 481 1658 μετέστης
495 1578 546 1649 άν;
568 1580 637 1657 φέρε
657 1606 707 1657 μοι
724 1583 808 1639 τοῦτο
824 1578 902 1657 α’τρε-

101 1671 167 1734 κέοις
182 1669 267 1730 εἰπέ·”
287 1670 303 1730 6
317 1671 347 1730 δὲ
361 1668 496 1746 α’μείβετο
509 1668 609 1750 λέγων·
631 1680 648 1704 “
658 1667 680 1727 ὦ
690 1669 824 1745 βασιλεῦ,
839 1667 903 1746 ὄψις

99 1760 152 1834 μέν
164 1757 183 1833 ἦ
196 1761 366 1833 ἐπιφανεῖσα
385 1762 435 1817 τοῦ
454 1757 562 1834 ὀνείρου
581 1756 617 1819 ὦς
629 1755 795 1833 βουλόμεθα
809 1755 903 1832 άμφό-
958 1787 959 1790 “

100 1870 176 1921 τεροι
196 1843 381 1918 τελευτήσειε·
403 1844 457 1924 ἐγῶ
478 1843 502 1903 δ’
515 1845 555 1904 ἐτι
576 1844 622 1902 καὶ
644 1849 671 1905 ἐς
690 1843 754 1902 τάδε
775 1843 903 1920 δείματός

101 1934 157 2007 εἶμι
173 1929 323 1999 ὑπόπλεος,
337 1929 392 1989 οὐδ’
407 1932 483 1995 ἐντός
496 1935 642 2008 ἐμεωυτοῦ,
655 1928 733 1988 ἄλλα
753 1957 783 1989 τε
804 1931 901 1990 πολλά

101 2016 298 2099 ἐπιλεγόμενος
318 2017 364 2076 καὶ
385 2017 419 2092 δὴ
440 2019 486 2077 καὶ
507 2017 592 2093 ὁρέων
609 2041 654 2076 τοι
668 2015 717 2075 δύο
729 2017 765 2074 τοὶ
778 2020 901 2094 μέγιστα

13 2134 29 2151 υ
52 2108 91 2166 48
100 2107 210 2169 πάντων
222 2105 304 2169 ἐόντα
316 2103 538 2183 πολεμιοίτατα.”
568 2102 674 2178 Ξέρξης
687 2102 716 2159 δὲ
729 2101 799 2175 πρὸς
812 2107 901 2159 ταῦτα

100 2194 235 2271 άμείβετο,
254 2193 359 2256 τοῖσδε·
380 2191 530 2268 “δαιμόνιε
543 2188 656 2262 ἀνδρῶν,
672 2190 736 2244 κοῖα
748 2190 835 2245 ταῦτα
854 2189 899 2244 λε’-

99 2307 158 2361 γεις
171 2283 240 2343 εἶναι
253 2282 301 2342 δύο
314 2305 364 2356 μοι
383 2276 597 2354 πολεμιώτατα,
619 2272 719 2350 κότερά
731 2299 775 2332 τοι
789 2301 804 2332 ο
798 2273 900 2344 πεζός

99 2367 226 2443 μεμπτός
248 2367 319 2427 κατὰ
339 2391 372 2425 το
364 2363 534 2440 πληθιίς’
521 2387 591 2432 εστι,
612 2361 658 2419 καὶ
679 2359 712 2420 τά
732 2361 899 2468 Ελληνικόν

101 2454 262 2531 στράτευμα
272 2453 401 2564 φαίνεται
410 2449 632 2526 πολλαπλήσιον
642 2436 759 2510 ἔσεσθαι
771 2454 821 2509 τοῦ
833 2477 900 2526 ημε-

100 2542 197 2617 τέρου;
218 2541 237 2619 ἢ
259 2541 293 2602 τό
316 2539 444 2602 ναυτικόν
463 2539 496 2600 τό
520 2539 655 2616 ημέτερον
677 2539 829 2617 λείψεσθαι
850 2543 900 2598 τοῦ

101 2628 225 2700 ἐκείνων;
245 2629 264 2707 ἢ
278 2631 324 2690 καὶ
337 2629 538 2706 συναμφότερα
550 2631 657 2699 ταῦτα,
679 2632 703 2688 εἰ
711 2627 766 2710 γάρ
779 2654 824 2688 τοι
836 2627 900 2686 ταύ-

100 2744 135 2797 τη
149 2718 311 2797 ἐνδεέστερα
326 2719 454 2795 φαίνεται
475 2718 544 2778 εἶναι
557 2716 592 2778 τά
605 2716 727 2826 ψμέτερα
740 2716 900 2797 πρήγματα,

100 2811 224 2885 στρατοῦ
244 2834 278 2869 αν
298 2806 389 2868 ἄλλου
409 2833 451 2871 τις
470 2806 521 2883 τὴν
544 2805 683 2884 ταχίστην
704 2803 819 2883 ἄγερσιν
840 2826 901 2860 ποι-

57 2901 94 2959 49
103 2893 188 2957 οῖτο”
228 2895 263 2955 Ὀ
286 2895 308 2957 δ’
331 2894 465 2972 ἀμείβετο
487 2895 586 3000 λεγμν·
612 2891 659 2952 “6
680 2893 813 2974 βασιλεῦ,
839 2888 901 2948 οὔτε

96 2983 226 3063 στρατόν
243 2988 343 3047 τοῦτον
364 2982 443 3048 ὅστις
455 3009 488 3066 γε
505 2982 621 3043 σύνεσιν
635 2980 691 3057 ἔχει
711 2974 876 3055 μέμφοιτ’
860 3004 900 3044 αι,

77 3098 151 3132 ουτε
164 3099 227 3136 των
244 3079 317 3139 νεῶν
332 3101 368 3139 το
359 3067 547 3154 πλῆθοςμ
530 3097 565 3187 ην
578 3096 610 3131 τε
622 3071 744 3129 πλευνυις
755 3064 905 3138 συλλέξης

60 3182 102 3217 τα
98 3158 173 3221 660
189 3190 237 3226 τοι
251 3193 293 3230 τα
285 3164 391 3255 λέγω
401 3164 543 3251 ,ᾤ”πολλ
529 3189 575 3226 ετι
586 3154 787 3236 πυλεμινλῐῑθι
805 3173 918 3248 ’ΝΜ

43 3266 88 3303 ra
84 3243 141 3306 δὲ
155 3250 216 3316 δύο
228 3263 333 3327 ταῦτα
352 3262 421 3327 ἔστι
444 3264 491 3351 γῆ
509 3285 546 3324 τε
563 3280 613 3317 και
597 3247 782 3313 θᾶιλυνῑῐῢ(ι
808 3259 874 3296 ⁰³⁸²
885 3254 942 3311 Ἣ
