2024 3450
87 109 195 175 ιι-ιι]
426 112 539 160 amn.
852 112 884 165 ιι

85 191 227 266 βασιλέας
246 192 332 269 μέχρι
350 193 403 268 μὲν
416 191 543 268 Πιρσέος
557 194 607 250 τοῦ
621 189 742 268 Δανόης,
754 195 806 250 τοῦ
820 195 885 255 θεοῦ

86 275 228 348 α’πεόντος,
243 278 482 359 καταλεγομένους
495 277 583 356 ὀρθῶς
598 278 653 338 ύπδ
673 278 819 354 Ἐλλήνων
840 281 885 338 καὶ

86 363 331 443 ἀποδεικνυμένους
353 365 388 430 ὥς
410 365 625 442 εἶσιἘλληνες·
647 366 711 446 (ἤδη
735 365 790 447 γὰρ
812 394 885 444 τηνι-

86 456 174 512 καῦτα
194 459 221 517 ές
234 453 380 530 Ἕλληνας
401 453 478 514 οὗτοι
496 455 628 535 ἐτέλεον)
649 455 731 523 ἔλεξα
753 455 782 514 δὲ
801 456 886 535 μέχρι

86 541 221 617 Περσέος,
230 540 296 601 ἀλλ’
305 541 353 601 ούκ
368 541 500 602 α’νέκαθεν
514 544 553 602 ἔτι
566 544 681 618 ἔλαβον,
695 543 776 601 τοῦδε
787 543 884 614 εἵνεκα,
947 553 949 556 ’

86 625 129 687 ότι
152 627 203 688 ούκ
226 630 323 690 ἔπεστι
346 631 485 707 ἐπωνυμίη
509 630 619 708 Περσέῐ
641 627 755 706 οὐδεμία
778 632 884 707 πατρός

86 717 196 792 θνητοῦ,
212 716 307 794 ὥσπερ
320 718 457 795 Ἡρακλέϊ
468 717 658 796 Ἀμφιτρύων·
679 716 733 793 ἤδη
755 716 792 778 ὧν
814 717 886 798 ὀρθῷ

85 804 163 884 λόγῳ
184 807 329 885 χρεωμένῳ
349 807 433 885 μέχρι
452 811 503 866 τοῦ
522 807 651 884 Περσέος
671 804 760 883 ὀρθῶς
781 807 889 881 εἴρηταί

86 917 145 966 μοι.
169 891 226 952 ἀπό
240 893 270 952 δὲ
282 892 394 970 Δανιίης
406 898 456 969 τῆς
468 893 613 972 Ἀκρισίου
628 894 810 974 καταλέγοντι
822 895 887 958 τούς

87 978 142 1039 ἅνω
156 981 209 1040 αἰεὶ
221 982 343 1058 πατέρας
355 981 452 1052 αὐτῶν,
466 984 614 1059 φαινοίατο
629 982 663 1042 ἂν
678 981 767 1046 ε’όντες
786 986 811 1042 οἱ
831 987 886 1043 τῶν

87 1072 213 1146 Δωριέων
226 1068 360 1151 ἡγεμόνες
373 1070 521 1151 Αἰγύπτιοι
536 1071 682 1152 ἰθαγενέες.
723 1076 817 1130 Ταῦτα
833 1072 885 1147 μέν
894 1074 932 1130 54

86 1183 133 1216 νυν
155 1158 225 1219 κατὰ
245 1157 428 1234 τόἜλληνες
449 1160 568 1239 λέγουσι
585 1158 828 1240 γεγενεηλόγηται·
851 1159 886 1221 ὦς

86 1245 115 1302 δὲ
131 1245 147 1306 ό
161 1249 296 1324 Περσέων
315 1247 402 1327 λόγος
422 1248 543 1328 λέγεται,
558 1246 641 1309 αύτὸς
657 1246 672 1305 ό
687 1248 814 1323 Περσεύς
836 1248 885 1306 ἒών

85 1330 238 1412 Ἀσσύριος
252 1335 360 1416 ἐγένετο
369 1333 489 1409 Ἕλλην,
500 1332 565 1392 ἀλλ’
576 1332 626 1392 ούκ
640 1337 667 1392 οἱ
677 1335 806 1409 Περσέος
819 1334 886 1409 πρό-

84 1444 172 1500 γονοι·
193 1423 259 1484 τούς
280 1422 309 1479 δὲ
327 1421 471 1496 Ἀκρισίου
487 1446 520 1500 γε
540 1421 662 1496 πατέρας
679 1419 886 1499 ὁμολογέοντας

86 1507 145 1565 κατ’
155 1509 315 1582 οἰκηῖότητα
327 1507 434 1582 Περσέι
447 1506 533 1574 οὐδὲν,
543 1506 656 1568 τούτους
670 1507 699 1564 δὲ
714 1506 790 1575 εἶναι,
805 1508 884 1566 καταί-

80 1617 139 1667 περ
147 1594 288 1668 Ἕλληνες
301 1595 427 1672 λέγουσι,
443 1592 620 1672 Αἰγυπτίους.
662 1593 721 1651 Καὶ
733 1597 820 1651 ταῦτα
833 1595 885 1669 μέν
894 1599 932 1654 ὅθ

86 1705 134 1738 νυν
154 1681 226 1756 περὶ-
237 1679 341 1739 τούτων
359 1679 489 1754 εἰρήσθω·
511 1678 527 1737 ὅ
539 1704 567 1737 τι
580 1679 610 1737 δὲ
624 1679 714 1741 ἐόντες
727 1680 881 1760 Αῑγπίπτιοι,

81 1766 167 1836 ›kat-3
184 1792 211 1828 τι
231 1766 434 1843 ἀποδεξάμενοι
454 1769 562 1842 ἔλαβον
581 1767 631 1831 ταὶς
650 1767 777 1844 Δωριέων
800 1770 884 1845 βασι-

36 1929 38 1932 ⁴
85 1856 175 1931 ληίας,
197 1854 318 1915 Ιἄλλοισι
340 1854 405 1935 γὰρ
419 1855 484 1932 περὶ
510 1852 600 1915 αύτῶν
627 1855 886 1933 εἴρηται,·ι’όσομεν

81 1942 219 2016 afflati
238 1943 268 2003 δὲ
285 1943 371 2002 ἄλλοι
388 1941 420 2002 ού
441 1941 634 2019 κατελάβοντο
651 1940 756 2005 τούτων
774 1940 886 2022 μνῆμην

86 2035 247 2112 ποιήσομαι.

125 2127 212 2200 Γέρεα
225 2124 254 2182 δὲ
268 2122 302 2197 δῆ
315 2121 382 2181 τάδε
394 2123 470 2179 τοῖσι
483 2121 641 2197 βασιλεῦσι
655 2122 829 2195 Σπαρτιῆται
842 2120 882 2178 δε·
894 2122 932 2180 56

85 2210 199 2270 διόκασι·
224 2207 360 2288 ἱρωσύνας
381 2208 448 2279 δύο,
461 2207 529 2270 Διός
552 2234 583 2267 τε
607 2207 814 2283 Λακεδαίμονος
838 2209 883 2266 καὶ

80 2299 153 2362 7Διδς
167 2296 315 2376 Ούρανίου·
337 2297 384 2355 καὶ
404 2295 531 2373 πόλεμόν
548 2321 581 2377 γε
600 2296 727 2372 ἐκφέρειν
747 2294 836 2371 ἐπ”ῆν
852 2291 886 2356 ἂν

83 2387 244 2461 βούλωνται
264 2387 367 2465 χώρην·
386 2383 486 2444 τούτου
500 2383 529 2443 δὲ
542 2384 648 2460 μηδένα
665 2384 733 2443 εἶναι
747 2385 885 2461 Σπαρτιη-
960 2383 962 2387 ’

84 2475 151 2533 τέων
173 2472 353 2548 διακωλυτήν·
376 2476 400 2531 εἰ
421 2472 451 2531 δὲ
471 2471 520 2548 μῆ,
538 2471 622 2531 αύτδν
645 2477 673 2530 έν
690 2476 729 2549 τῷ
748 2470 810 2551 ἄγεϊ
830 2473 884 2532 ε’νέ-

84 2560 199 2637 χεσθαι·
212 2562 437 2637 στρατευομένων
450 2560 488 2630 δὲ,
502 2559 627 2636 πρώτους
641 2560 709 2618 ἰέναι
722 2559 786 2622 τούς
799 2562 885 2636 βασι-

84 2647 152 2710 λέας
164 2647 300 2711 ύστότους
314 2649 344 2707 δὲ
358 2648 477 2708 ἀπιέναι·
492 2648 590 2707 ἑκατόν
604 2647 633 2706 δὲ
647 2647 748 2724 ἄνδρας
761 2647 884 2729 λογάδας

61 2805 70 2818 ο
84 2737 130 2794 ἐπὶ
144 2741 278 2813 στρατιῆς
292 2736 454 2812 φυλάσσειν
467 2735 574 2798 αὐτούς·
588 2736 761 2813 προβάτοισι
776 2737 805 2794 δὲ
817 2740 885 2814 χρᾶ-

84 2826 153 2884 σθαι
167 2831 196 2885 ἐν
208 2829 277 2904 τῆσι
291 2825 414 2904 ἐξοδίῃσι
428 2823 559 2884 ὁκόσοισι
576 2822 610 2884 ἂν
627 2823 663 2883 ὧν
682 2825 809 2884 ἐθέλωσι·
831 2827 886 2883 τῶν

84 2912 113 2971 δὲ
136 2913 309 2990 θυομένων“
291 2914 420 2974 απόντων
437 2939 474 2972 τα
464 2912 616 2989 δέρματά
637 2938 668 2971 τε
691 2913 735 2971 καὶ
756 2939 791 2970 τα
813 2916 885 2971 νῶτα

83 3002 243 3077 λαμβάνειν
256 3004 358 3078 σφέας.
388 3005 477 3062 ταῦτα
491 3004 541 3078 μὲν
555 3000 785 3077 τὰὲμτιαλὲγιια
803 2996 948 3050 ’ἳαὶὶῑῆ

81 3087 212 3159 ἅλλα,
175 3117 211 3150 τα
226 3094 361 3168 εἰρηναῖα,
374 3117 449 3154 κατα
436 3088 532 3153 τόδε
546 3096 609 3167 σφι
619 3079 779 3148 δέδονται·
763 3104 802 3152 ην
818 3072 928 3138 λασὶτηι

71 3199 113 3235 τις
125 3177 274 3257 δημοτελῆ
288 3183 438 3261 ποιέηται,
453 3181 596 3262 πρώτους
613 3178 666 3238 ἔπι
679 3200 716 3232 το
698 3170 856 3226 δειπυῡυ
840 3151 957 3213 υἳδὲω

60 3285 128 3324 ⁷⁰⁰⁹
145 3265 313 3336 βασιλέας·
341 3273 392 3333 καὶ
418 3272 484 3334 αττδ
513 3269 635 3332 τούτων
663 3264 793 3336 πθῶτῦν

820 3226 992 3312 ow&
