2024 3450
117 119 148 165 ιι
418 117 600 164 ἭΡοΔοτου
869 118 938 183 [ν.·

115 221 160 258 τες
177 194 296 272 ἐχούσης
311 201 337 258 ἐς
351 195 524 270 Ἀθηναίους,
537 194 602 254 τότε
658 194 748 269 βαίων
769 194 921 271 δεηθέντων

117 282 243 357 πόλεμον
258 281 412 358 α’κήρυκτον
424 282 601 360 Ἀθηναίοισι
615 284 761 358 ἐπέφερον·
785 286 919 361 ἐπικειμέ-

116 396 169 429 νων
189 369 243 450 γᾶρ
268 369 356 430 αὐτῶν
377 376 535 442 Βοιωτοῖσι,
559 369 769 434 ἐπιπλώσαντες
792 375 921 450 μακρῇσι

116 459 198 533 νηυσὶ
220 463 246 520 ἐς
268 458 319 534 τὴν
336 459 474 535 Ἀττικὴν,
496 459 566 518 κατὰ
587 461 638 536 μὲν
658 459 760 535 ἐσυραν
777 458 919 537 Φάληρον,

117 547 186 604 κατα
201 547 230 605 δέ
243 551 292 622 τῆς
310 547 400 624 ἄλλης
415 548 556 625 παραλίης
576 546 702 609 πτλλούς
722 545 836 623 δήμους·
857 574 919 607 ποι·

115 639 205 698 εῦντες
219 635 356 710 δὲταῦτα,
373 637 501 717 μεγάλως
515 635 679 712 Ἀθηναίους
693 635 829 694 ἐσίνοντο.
903 682 908 687 -

67 723 105 780 82
134 748 135 752 ’
155 721 192 782 ‘H
210 723 239 781 δέ
261 724 347 802 ἔχθρη
367 723 386 799 ἦ
407 725 636 799 προοφειλομένη
655 728 682 785 ἐς
702 720 867 798 Ἀθηναίους
881 729 919 784 ’ἐκ

115 815 171 870 τῶν
185 812 361 891 Αἰγινητέων,
376 812 485 891 ἐγένετο
499 811 530 880 ἐξ
543 810 631 890 ἀρχῆς
643 810 768 885 τοιῆσδε·
788 809 917 871 Ἐπιδαυ-

115 899 204 973 ρίοισι
224 896 242 972 ἡ
263 903 301 978 γῆ
323 897 431 974 καρπὸν
446 898 543 958 οὐδένα
557 897 691 958 ανεδιδου.
732 899 796 975 περὶ
816 899 918 976 ταύτης

116 983 152 1042 ὧν
173 989 223 1060 τῆς
243 991 394 1061 συμφορῆς
414 989 441 1045 οἱ
453 984 627 1062 Ἐπιδαύριοι
648 987 782 1064 ἐχρέωντο
802 991 832 1046 ἐν
845 992 918 1046 Δελ-

118 1076 211 1145 φοῖσι·
232 1072 251 1149 ἦ
274 1073 303 1131 δὲ
324 1073 418 1150 Πυθίη
440 1075 533 1149 σφέας
555 1075 664 1133 ἐκέλευε
684 1075 795 1151 Δαμίης
818 1101 849 1134 τε
872 1077 918 1134 καὶ

116 1158 258 1236 Αὐξησίης
272 1160 424 1241 ἀγάλματα
445 1162 621 1238 ἱδρύσασθαι,
637 1163 685 1220 καί
699 1168 755 1237 σφι
770 1162 917 1240 ἱδρυσαμέ-

116 1271 190 1306 νοισι
207 1247 320 1326 ἄμεινον
341 1250 535 1310 συνοίσεσθαι·
557 1250 719 1327 ἐπειρώτεον
741 1249 777 1310 ὧν
798 1253 825 1309 οἱ
840 1250 917 1311 Ἐπι·
951 1328 956 1335 .

117 1334 223 1413 δαύριοι
250 1337 350 1413 κότερα
376 1342 486 1416 χαλκοῦ
510 1339 656 1396 ποιέωνται
680 1336 728 1418 [τὰ
752 1337 914 1420 ἀγάλματα]

115 1421 238 1498 ἢλίθου·
259 1425 321 1502 η’δέ
342 1427 436 1501 Πυθίη
455 1425 584 1503 οὐδέτερα
601 1424 704 1485 τούτων
719 1428 757 1499 ἔα,
774 1425 851 1485 ἅλλα
872 1427 915 1497 ξύ-

117 1516 167 1572 λου
187 1514 293 1592 η’μέρης
307 1516 412 1592 ἐλαίης·
434 1515 542 1575 ἐδέοντο
558 1514 594 1574 ὧν
608 1516 635 1573 οἱ
647 1513 821 1589 Ἐπιδαύριοι
833 1514 916 1590 Ἀθη-

115 1603 196 1663 ναίων
224 1605 320 1680 ἐλαίην
344 1611 400 1680 σφι
428 1604 522 1663 δοῦναι
546 1603 694 1679 ταμέσθαι,
721 1601 854 1677 ἱρωτάτας
881 1603 915 1680 δὴ

116 1691 205 1754 κείνας
226 1694 383 1768 νομίζοντες
404 1693 483 1752 εἶναι·
512 1693 625 1772 λέγεται
649 1690 678 1749 δέ
700 1690 746 1748 καὶ
767 1689 802 1753 ὦς
824 1695 925 1768 ἐλαῖαιΙ

115 1775 190 1849 ἦσαν
211 1779 315 1837 ἄλλοθι
335 1785 388 1856 γῆς
407 1779 531 1855 οὐδαμοῦ
552 1778 610 1838 κατ’
625 1782 729 1838 ἐκεῖνον
740 1778 791 1838 τὸν
803 1778 913 1858 χρόνον,

114 1861 293 1941 ἢἈθήνησι·
316 1868 342 1922 οἱ
356 1865 385 1922 δὲ
403 1866 447 1922 ἐπὶ
468 1866 564 1924 τοῖσδε
585 1865 684 1925 δώσειν
705 1867 824 1942 έφασαν,
839 1866 916 1948 ἐπ’ᾦ

115 1949 255 2020 ἀπάξουσι
270 1952 343 2012 ἔτεος
357 1949 477 2010 ἑκάστου
489 1955 526 2029 τῇ
538 1951 672 2029 Ἀθηναίη
685 1958 721 2031 τῇ
733 1954 855 2014 Πολιᾶδι
869 1956 915 2034 ἱρὰ

115 2038 160 2096 καὶ
182 2043 220 2118 τῷ
239 2037 378 2116 Ἐρεχθέι·
400 2039 611 2101 καταινέσαντες
633 2038 655 2098 δ’
674 2039 720 2099 ε’πὶ
741 2042 867 2103 τούτοισι
888 2046 915 2105 οἶ

114 2124 295 2204 Ἐπιδαύριοι,
309 2130 364 2185 τῶν
376 2151 407 2185 τε
421 2123 531 2184 ἐδέοντο
545 2127 643 2205 ἔτυχον
657 2129 702 2186 καὶ
716 2129 869 2208 ἀγάλματα
884 2131 914 2192 ἐκ

113 2218 167 2273 τῶν
181 2214 295 2274 ἐλαιέων
308 2213 426 2272 τουτέων
441 2212 628 2290 ποιησάμενοι
650 2214 807 2290 ἱδρύσαντο·
830 2220 876 2278 καὶ
896 2219 915 2297 ἦ

113 2328 143 2359 τε
156 2306 194 2381 γῆ
208 2307 263 2376 σφι
279 2303 368 2377 ἔφερε,
381 2301 426 2358 καὶ
438 2299 614 2375 Ἀθηναίοισι
629 2303 774 2361 ἐπετέλεον
786 2306 821 2362 τοὶ
835 2311 915 2368 συνέ-

66 2390 103 2445 83
114 2389 200 2448 θεντο.
245 2392 351 2447 Τοῦτον
370 2387 392 2446 δ’
407 2388 446 2447 ἔτι
464 2387 513 2447 τὸν
528 2387 631 2466 χρόνον
653 2389 698 2446 καὶ
716 2388 772 2464 πρὸ
793 2395 851 2461 τοῦ,
866 2400 915 2457 Αἰ-

112 2481 223 2555 γινῆται
243 2473 426 2552 Ἐπιδαυρίων
447 2476 548 2552 ἤκουον
567 2476 602 2536 τά
617 2503 648 2536 τε
667 2474 752 2546 ἅλλα,
773 2478 819 2536 καὶ
838 2480 914 2548 δίκας
938 2474 944 2485 ’

112 2564 303 2639 διαβαίνοντες
324 2568 352 2627 ἐς
368 2563 535 2643 Ἐπιδαυρον
556 2563 686 2625 ἐδίδοσάν
706 2592 737 2625 τε
759 2566 805 2625 καὶ
827 2571 913 2647 ἐλάμ-

113 2653 204 2727 βανον
217 2650 282 2729 παρ’
296 2650 430 2727 ἀλλήλων
447 2657 472 2713 οἱ
486 2658 643 2735 Αἰγινῆται·
663 2653 696 2714 τδ
710 2654 739 2713 δέ
753 2653 809 2715 α’πδ
822 2658 912 2730 τοῦδε,

110 2739 178 2814 νῆάς
190 2765 221 2800 τε
234 2738 388 2816 πηξάμενοι
401 2742 447 2820 καὶ
460 2741 644 2822 ἀγνωμοσύνη
654 2741 838 2822 χρησάμενοι,
847 2742 913 2804 οἷπέ-

111 2852 223 2902 στησαν
243 2827 299 2887 οἷπὸ
323 2832 378 2887 τῶν
400 2827 592 2906 Ἐπιδαυρίων·
615 2829 664 2889 ἅτε
686 2830 715 2889 δέ
740 2830 831 2895 ἐόντες
856 2832 912 2892 διά-

112 2919 205 2992 φοροι,
224 2915 357 2991 δηλέοντο
380 2915 478 2979 αὐτούς
500 2916 573 2976 ὥστε
594 2915 627 2992 δή
647 2919 912 2997 θαλασσοκράτορες

111 3002 209 3075 ἐόντες,
225 3004 271 3063 καὶ
300 3004 318 3079 ἦ
333 3003 378 3063 καὶ
392 3003 428 3064 τὰ
441 3003 593 3085 ἀγάλματα
606 3009 693 3065 ταῦτα
703 3010 753 3081 τῆς
762 3033 793 3066 τε
802 3009 912 3084 Δαμίης

112 3093 159 3152 καὶ
172 3096 223 3169 τῆς
236 3091 379 3168 Αὐξησίης
392 3091 570 3168 ὑπαιρέονται
584 3091 681 3163 αὐτῶν,
696 3096 745 3152 καί
755 3101 833 3169 σφεα
852 3100 911 3154 ἐκο-

94 3181 230 3253 μιίναντό
248 3208 280 3242 τε
302 3181 349 3240 καὶ
373 3177 525 3259 ἱδρύσαντο
542 3185 592 3258 τῆς
616 3181 758 3256 σφετέρης
778 3182 873 3254 χώρας
891 3189 920 3239 ἐς

85 3265 140 3337 ῒῇν
156 3270 340 3351 μεσόγαιαν·
362 3276 402 3354 τῇ
418 3274 478 3351 Οἴη
498 3273 552 3351 μέν
568 3276 634 3331 ἐστι
648 3267 768 3338 οὕνομα,
781 3263 889 3320 στάδια
903 3263 939 3316 δὲ
