2024 3450
146 113 193 159 τοι
452 110 633 157 ἫΡοΔονοτ
871 110 945 173 [vn.

145 190 250 267 ἡμέρης
270 190 300 249 δὲ
315 181 532 266 Ιέπιλαμψαίσης,
547 187 655 265 ὀνείρου
673 190 725 264 μὲν
741 189 841 250 τούτου
858 191 946 270 λόγον

146 277 243 337 οὐδένα
264 278 395 345 ἐποιέετο,
416 275 431 334 ὀ
449 277 478 334 δὲ
497 276 629 352 Περσέων
648 278 804 338 συναλίσας
822 277 885 339 τούς
901 281 946 338 καῖ

146 366 281 443 πρότερον
295 365 433 434 συνέλεξε,
450 364 530 444 ἔλεγέ
539 369 595 438 σφι
605 362 679 422 τάδε.
695 374 712 397 “
721 362 815 438 ἄνδρες
826 365 946 441 Πέρσαι,

90 490 92 495 -
147 453 314 534 συγγνώμην
334 477 382 529 μοι
404 454 479 530 ἔχετε
500 451 543 510 ὅτι
561 450 744 531 ἀγχίστροφα
761 452 946 530 βουλεύομαι·

147 545 256 618 φρενῶν
269 566 299 599 τε
313 540 368 621 γῶρ
383 545 409 602 ές
422 539 457 598 τοὶ
472 540 608 615 ἐμεωυτοῦ
625 543 722 615 πρῶτα
740 537 773 596 ού
791 564 829 595 κω
846 538 946 615 α’νήκω,

146 629 192 686 καὶ
208 631 234 687 οἱ
251 626 489 707 παρηγορεύμενοι
508 630 584 685 κεῖνα
602 626 706 685 ποιέειν
728 625 823 684 οὐδένα
844 627 947 704 χρόνον

145 742 197 792 μευ
218 714 378 794 ἀπέχονται
409 713 561 774 ἀκούσαντι
582 714 678 790 μέντοι
704 739 753 788 μοι
779 716 828 788 τῆς
849 713 946 790 Ἀρτα-

144 802 234 879 βάνου
255 802 373 884 γνώμης,
396 803 552 878 παραυτίκα
578 803 630 877 μὲν
656 801 675 875 ἦ
703 800 797 876 νεότης
824 804 945 872 ἐπέζεσε,

145 890 217 950 ὥστε
236 890 399 966 αἐικέστερα
417 889 571 967 ὀπορρίψαι
591 891 657 947 ἔπεα
671 895 698 950 ές
715 887 801 964 ἄνδρα
820 892 946 966 πρεσβύ-

144 1003 224 1055 τερον
247 976 265 1052 ἢ
288 977 381 1055 χρεόν·
404 981 452 1035 νῦν
469 978 564 1053 μέντοι
582 977 729 1056 συγγνούς,
748 977 893 1054 χρήσομαι
911 986 947 1057 τῇ

145 1067 248 1124 ἐκείνου
265 1065 371 1145 γνώμη·
393 1064 428 1127 ῶς
446 1063 482 1124 ῶν
495 1065 731 1144 μεταδεδογμένον
745 1091 793 1142 μοι
806 1066 846 1141 μη
862 1093 946 1143 στρα-

99 1154 136 1212 14
147 1152 277 1224 τεύεσθαι
298 1154 343 1210 ε’πὶ
367 1152 418 1228 την
443 1152 577 1224 Ἑλλάδα,
599 1152 706 1229 ἥσυχοί
725 1152 814 1212 ε’στε.”
836 1155 947 1230 Πέρσαι

144 1244 196 1318 μὲν
216 1240 251 1303 ῶς
271 1241 395 1317 ἤκουσαν
420 1246 517 1310 ταῦτα,
542 1240 724 1319 κεχαρηκότες
751 1242 946 1318 προσεκύνεον·

146 1329 243 1392 νυκτός
261 1329 290 1387 δὲ
305 1329 463 1410 γενομένης,
478 1327 556 1391 αιἰτις
572 1327 660 1388 τῶυτό
681 1328 787 1406 ὄνειρον
800 1335 837 1407 τῷ
856 1331 946 1409 Ξέρξη

145 1419 344 1497 κατυπνωμένῳ
365 1418 444 1499 ἔλεγε
464 1417 592 1477 ἐπιστάν·
618 1416 665 1476 “αἰ
683 1422 735 1476 παῖ
753 1418 881 1495 Δαρείου,
901 1420 946 1477 καὶ

144 1505 178 1580 δὴ
193 1507 304 1581 φαίνεαι
324 1511 352 1565 έν
370 1507 506 1586 Πέρσῃσί
517 1532 548 1566 τε
561 1504 748 1583 α’πειποίμενος
761 1506 813 1582 τὴν
827 1533 946 1582 στρατη-

145 1593 258 1669 λασίην,
272 1593 318 1652 καὶ
335 1594 371 1653 τῶ
389 1594 443 1672 έμῶ
460 1596 527 1654 ἔπεα
540 1599 569 1655 ε’ν
584 1594 672 1653 ούδενὶ
686 1593 848 1670 ποιεύμενος
860 1593 945 1674 λόγῳ,

146 1680 180 1744 ὦς
193 1681 258 1758 παρ’
273 1681 382 1745 ούδενός
394 1681 526 1746 ἀκούσας·
548 1681 578 1741 εὖ
592 1709 639 1742 νυν
652 1682 709 1742 τόδ’
723 1683 791 1750 ἴσθι,
805 1681 892 1758 ἥνπερ
905 1682 945 1758 μη

144 1769 242 1828 αὐτίκα
256 1771 474 1849 στρατηλατέῃς,
488 1771 554 1830 τάδε
569 1797 612 1830 τοι
623 1771 653 1839 ἐξ
663 1769 751 1829 αύ.·ῶν
763 1769 945 1848 ἀνασχήσειν·

144 1855 179 1918 ῶς
200 1856 246 1913 καὶ
265 1856 352 1936 μέγας
374 1857 420 1915 καὶ
440 1858 549 1920 πολλός
572 1858 662 1938 ε’γένεο
686 1863 715 1917 έν
738 1856 826 1938 ὀλίγῳ
847 1857 945 1937 χρόνῳ,

100 1943 135 2000 15
145 1942 215 2002 οὕτω
229 1944 274 2001 καὶ
287 1944 416 2006 ταπεινός
430 1944 521 2002 ὀπίσω
535 1945 606 2002 κατὰ
616 1944 701 2022 τάχος
711 1944 814 2002 έσεαι.”
842 1946 947 2021 Ξέρξης

144 2033 204 2108 μὲν,
221 2031 348 2109 περιδεὴς
363 2030 511 2112 γενόμενος
527 2035 563 2110 τῇ
582 2031 653 2109 ὄψει,
671 2030 724 2090 οἶνοί
744 2056 775 2090 τε
796 2032 895 2106 ἔδραμε
917 2039 946 2090 ἐκ

144 2122 194 2194 τῆς
218 2121 318 2195 κοίτης,
343 2121 389 2178 καὶ
411 2121 515 2197 πέμπει
542 2118 664 2200 ἄγγελον
692 2120 738 2176 ε’πὶ
765 2117 944 2194 Ἀρτάβανον

145 2208 291 2266 καλέοντα·
325 2206 481 2286 ἀπικομένῳ
512 2207 543 2265 δέ
571 2209 597 2264 οἶ
629 2207 707 2286 ἔλεγε
740 2207 845 2282 Ξέρξης
870 2206 944 2265 τάδε·

144 2305 162 2328 “
170 2293 337 2370 Ἀρτάβανε,
352 2293 405 2374 ἒγῶ
418 2293 451 2353 τό
464 2293 621 2370 παραυτίκα
634 2295 686 2370 μὲν
700 2293 749 2353 ούκ
762 2294 944 2370 ἐσωφρόνεον,

145 2382 223 2444 εἶπας
236 2385 263 2443 ἐς
276 2384 310 2440 σὲ
322 2380 428 2458 μάταια
440 2382 507 2440 ἔπεα
520 2387 647 2461 χρηστῆς
658 2382 746 2443 εἵνεκα
757 2384 944 2459 συμβουλίης·

143 2467 215 2546 μετῶ
235 2468 331 2546 μέντοι
351 2467 383 2527 ού
394 2469 513 2551 ,πολλῶν
530 2469 633 2548 χρόνον
648 2472 794 2552 μετέγνων,
815 2472 898 2552 ἔγνων
917 2473 946 2531 δὲ

142 2555 231 2616 τοῦτοί
250 2582 299 2633 μοι
319 2557 436 2633 ποιητέα
458 2556 538 2618 ἐόντα
555 2555 591 2617 τῶ
608 2557 645 2616 σύ
663 2557 816 2635 ύπεθήκοο.
859 2559 946 2619 ούκων

143 2643 258 2708 δυνατός
270 2663 315 2705 τὀι
329 2646 384 2723 εἰμὶ
397 2651 485 2706 ταῦτα
501 2646 604 2706 ποιέειν
623 2647 808 2725 βουλόμενος·
829 2674 945 2725 τετραμ-

143 2733 215 2811 μένῳ
236 2733 292 2813 γὰρ
316 2733 350 2809 δη
377 2735 423 2792 καὶ
449 2733 633 2816 μετεγνωκότι
661 2739 813 2811 ἐπιφοιτῶν
840 2735 946 2811 ὄνειρον

144 2819 316 2897 φαντάζεταί
328 2847 386 2899 μοι,
406 2821 531 2897 οὐδαμῶς
547 2824 714 2883 συνέπαινον
732 2822 778 2882 ε’ὀν
794 2822 897 2882 ποιέειν
910 2849 945 2898 με

131 2902 235 2966 ταύτα·
257 2912 311 2970 νύν
327 2909 360 2969 δὲ
376 2911 428 2970 καὶ·
440 2909 628 2987 διαπειλῆσαν
647 2911 763 2991 οἴχεται·
789 2914 812 2969 εἰ
829 2908 866 2968 ὧν
884 2910 946 2972 θεός

112 2994 180 3048 ἐστι
204 2993 229 3054 o‘
248 2999 431 3078 ἐπιπέμπων,
457 3000 509 3062 καί
531 3003 561 3063 οἱ
582 2998 693 3064 πάντως
721 3003 749 3060 ἒν
774 2995 863 3076 ἡδονὴ
889 3002 951 3055 ἐστι

74 3112 77 3117 -
94 3077 241 3179 γῖνὲσθαι
251 3093 490 3174 στρατηλασίην
501 3094 555 3157 ἐπὶ
563 3089 770 3174 τὴνἙλλάδα,
779 3085 968 3161 ἒπιπτήσεται

58 3174 130 3284 Ictu
151 3167 209 3225 σοὶ
227 3176 332 3242 Υῶυτδ
352 3190 453 3251 τοῦτο
472 3184 596 3269 ὄνειρον
611 3184 726 3267 ὁμοίως
742 3180 791 3242 KG).
808 3177 874 3254 ἒμολ.
889 3174 984 3279 {ern-

84 3258 216 3313 o'u‘m'
232 3266 376 3345 εἰ’ίθίσκω
388 3277 428 3343 δὲ
441 3276 505 3347 ῶδε
517 3278 561 3345 ἂν
569 3277 729 3367 γινόμενα
738 3260 991 3340 vaffiussfflssw
