2024 3450
95 113 157 161 ιιι
404 109 586 160 Ἧυοιοτοτ
829 103 905 171 [vn.

111 189 233 268 ἄλλονῆ
253 189 361 250 ἑωυτόν.
403 191 564 267 ἐπειχθῆναι
581 187 634 264 μέν
654 212 702 247 νυν
721 188 778 246 πάν
791 189 909 266 πρῆγμα
933 243 935 249 .

95 279 194 338 τίκτει
211 277 378 353 σφάλματα,
393 283 423 335 ἐκ
442 284 495 335 τῶν
516 276 611 351 ζημίαι
630 274 753 356 μεγάλαι
774 274 909 350 φιλέουσι

109 366 246 447 γίνεσθαι·
275 369 303 424 ἐν
324 365 354 423 δὲ
374 369 412 442 τῷ
434 366 561 442 ἐπισχεῖν
583 365 673 422 ἔνεστι
697 361 798 442 ἀγαθά,
823 365 847 420 εἶ
869 361 909 438 μη

108 453 265 531 παραυτίκα
285 452 416 512 δοκέοντα
438 452 514 521 εἶναι,
536 449 600 509 ἀλλ’
615 449 667 510 ἀνά
685 449 786 528 χρόνον
806 449 910 529 ἐξεύροι

109 566 150 603 τις
164 530 228 600 ἀνλ
245 540 293 599 σοὶ
306 542 358 616 μὲν
371 539 405 615 δή
418 543 514 608 ταῦτα,
530 537 551 597 ὦ
563 539 697 614 βασιλεῦ,
712 537 909 613 συμβουλεύω·

110 627 148 687 σθ
171 628 209 697 δὲ,
234 628 255 686 ὦ
275 631 328 689 παῖ
350 627 488 704 Γωβρύεω
512 624 662 702 Μαρδόνιε,
686 629 794 683 παῦσαι
820 626 910 704 λέγων

109 715 211 796 λόγους
228 716 361 792 ματαίους
381 716 445 791 περὶ
462 712 614 789 Ἑλλήνων,
632 711 681 772 ούκ
704 711 801 772 ἐόντων
828 711 911 781 ἀξίων

110 802 253 880 φλαύρως
265 801 382 862 ἀκούειν·
401 801 545 878 Ἕλληνας
567 800 621 880 γάρ
644 799 815 876 διαβάλλων,
836 802 910 859 ἐπαί-

110 916 167 967 ρεις
185 889 268 951 αύτάν
288 891 416 966 βασιλέα
437 886 649 966 στρατεύεσθαι·
671 886 755 947 αάτοῦ
770 888 799 947 δὲ
812 888 911 949 τούτου

113 977 202 1037 εἵνεκα
220 977 322 1040 δοκέεις
337 1003 387 1054 μοι
405 982 501 1037 πᾶσαν
521 977 679 1053 προθυμίην
693 975 829 1036 ἐκτείνειν.
871 978 911 1053 μή

111 1089 159 1124 νυν
180 1062 250 1123 οὕτω
270 1065 393 1144 γένηται·
414 1063 538 1140 διαβολή
552 1063 607 1144 γάρ
622 1069 684 1123 ε’στι
696 1063 861 1125 δεινότατον·
883 1070 911 1123 ἐν

111 1155 147 1229 τῇ
161 1150 209 1211 δύο
225 1152 277 1229 μέν
299 1156 354 1211 εἰσι
375 1155 401 1210 οἱ
421 1152 581 1220 ἀδικέοντες,
597 1151 634 1214 εἶς
655 1151 684 1210 δὲ
698 1150 714 1210 ὁ
728 1150 911 1229 ἀδικεόμενος·

111 1238 127 1298 ὁ
148 1241 199 1317 μέν
219 1240 275 1320 γάρ
299 1239 463 1315 διαβάλλων
484 1239 585 1298 ἀδικέει
607 1237 638 1298 ού
659 1240 810 1316 παρεόντος
830 1267 911 1316 κατη-

110 1329 222 1408 γορέων·
244 1327 260 1386 ὁ
274 1327 304 1386 δὲ
316 1325 425 1396 ἀδικέει,
440 1327 655 1404 ἀναπειθόμενος
669 1329 735 1405 πρὶν
748 1326 767 1405 ἢ
779 1327 912 1405 ἀτρεκέως
977 1365 979 1371 v

112 1415 228 1495 ἐκμάθῃ·
250 1415 266 1476 ὁ
285 1416 314 1475 δὲ
336 1415 370 1491 δῆ
392 1414 484 1476 ἀπεάν
503 1419 553 1475 τοῦ
574 1413 663 1496 λόγου
680 1416 745 1475 τάδε
759 1421 788 1476 ἐν
802 1415 912 1475 αύτοῖσι

111 1502 256 1574 ἀδικέεται,
275 1503 439 1580 διαβληθείς
460 1529 490 1563 τε
509 1502 564 1563 ύπδ
585 1508 635 1562 τοῦ
659 1505 752 1581 ἐτέρου
772 1504 817 1562 καὶ
836 1529 911 1579 νομι-

113 1584 190 1658 σθείς
200 1592 279 1671 πρός
295 1595 344 1652 τοῦ
366 1592 461 1669 ἑτέρου·
480 1590 564 1671 κακόςΙ
585 1591 663 1651 εἶναι.
705 1590 770 1651 ἀλλ’
785 1596 808 1650 εί
823 1590 857 1666 δὴ
871 1590 912 1650 δεῖ

111 1691 154 1760 γε’
165 1678 274 1744 πάντας
294 1680 339 1741 ἐπὶ
354 1680 424 1761 ’τόύς
435 1678 546 1758 ’,ἀνδρας
565 1680 683 1744 τούτους,
700 1680 910 1759 στρατεύεσθαι,

113 1768 190 1843 φέρε,
209 1768 349 1843 βασιλεύς
367 1765 666 1844 μὲν·αύτὸς-ε’ν.ἧθεσι
685 1772 762 1829 τοῖσι
779 1770 912 1845 Περσέων

110 1855 222 1930 μενέτω·
246 1848 339 1930 ἡμέων
359 1855 388 1914 δέ
406 1855 571 1932 ἀμφοτέρων
590 1856 856 1933 παραβαλλομένων
876 1857 912 1918 τά

110 1941 200 2010 τέκνα,
215 1941 405 2018 στρατηλάτεε
416 1941 497 2006 αὖτάς
507 1942 545 2002 σι)
559 1943 756 2020 ἐπιλεξάμενός
767 1971 798 2004 τε
813 1945 912 2021 ἀνδρας

111 2029 176 2092 τούς
189 2029 293 2093 ἐθέλεις
307 2030 352 2089 καὶ
365 2030 465 2106 λαβιδν
486 2030 621 2106 στρατιήν
642 2029 748 2105 ὁκόσην
768 2032 830 2090 τινά
842 2034 911 2107 βού-

111 2119 187 2175 λεαι·
209 2118 255 2178 καὶ
276 2116 311 2195 ἦν
331 2121 383 2196 μὲν
404 2123 440 2197 τῇ
459 2118 495 2177 σι)
518 2119 610 2197 λέγεις
629 2116 769 2196 ἀναβαίνῃ
791 2119 911 2192 βασιλέι·

112 2204 147 2262 τά
170 2205 329 2286 πρήγματα,
352 2206 516 2264 κτεινέσθων
540 2208 566 2264 οἱ
589 2204 650 2280 ἐμοὶ
674 2205 770 2267 παῖδες
792 2204 861 2282 πρός
882 2206 911 2264 δὲ

111 2290 222 2351 αύτοῖσι
247 2292 292 2351 καὶ
316 2292 383 2373 ἐγώ·
410 2291 444 2367 ἢν
466 2292 496 2350 δέ
516 2296 551 2370 τῇ
573 2291 627 2372 ε’γιδ
652 2292 790 2372 προλέγω,
813 2297 839 2352 οἱ
863 2295 911 2353 σοὶ
946 2311 986 2379 1¹⁵

110 2382 198 2438 ταῦτα
217 2378 383 2457 πασχόντων
397 2377 451 2438 σύν
464 2378 495 2437 δέ
509 2385 564 2455 σφι
579 2379 625 2437 καὶ
638 2379 684 2449 σύ,
698 2377 733 2455 ἦν
753 2381 910 2459 ἀπονοστη-
956 2372 974 2383 “’

112 2490 174 2544 σης·
196 2469 219 2525 εἰ
241 2465 270 2524 δὲ
292 2469 379 2527 ταῦτα
399 2468 451 2543 μὲν
468 2466 612 2528 ὑποδύνειν
631 2467 681 2528 οὐκ
701 2469 854 2546 ἐθελήσεις,
873 2470 910 2531 σύ

112 2554 141 2612 δὲ
154 2552 262 2616 πάντας
275 2552 435 2632 στράτευμα
449 2554 556 2625 ἀνάξεις
567 2556 612 2615 ἐπὶ
622 2556 674 2632 τήν
687 2557 821 2628 Ἐλλάδα,
831 2558 911 2618 ἀκού-

111 2641 217 2701 σεσθαί
235 2640 297 2701 τινά
318 2648 393 2719 φημι
413 2646 467 2702 τῶν
486 2643 571 2704 αὐτοῦ
591 2644 657 2722 τῇδε
673 2643 909 2723 ἀπολειπομένων,

112 2727 272 2806 Μαρδόνιον
283 2730 357 2810 μέγα
370 2755 397 2789 τι
412 2730 496 2791 κακάν
510 2732 713 2813 ἐξεργασμένον
726 2734 841 2809 Πέρσας
853 2727 908 2789 ἀτά

111 2820 197 2877 κυνῶν
215 2842 246 2876 τε
268 2816 314 2876 καὶ
335 2816 450 2894 ὀρνίθων
472 2816 732 2895 διαφορεύμενον,ἥ
755 2845 804 2877 κου
824 2823 852 2877 ἐν
872 2845 909 2899 γη

105 2909 146 2980 τῇ
161 2904 315 2981 Ἀθηναίων
334 2902 352 2982 ἦ
374 2905 410 2965 σέ
430 2931 464 2988 γε
482 2911 511 2965 ἐν
530 2910 566 2983 τῇ
580 2905 812 2981 Λακεδαιμονίων,
826 2909 850 2964 εἶ
869 2908 909 2982 μή

86 2988 144 3061 αἶσα
158 2993 211 3050 καί
224 2994 370 3074 πρότερον
383 2991 446 3056 κατ’
460 2994 537 3068 ὁδδν,
550 2991 657 3078 γνόντα
669 2991 707 3051 ἐπ’
724 2992 799 3056 οἵους
811 2992 911 3070 ἄνδρας

2 3138 17 3193 1
69 3070 289 3173 αξαγινῶσκεις
305 3086 536 3166 ’στρατεύεσθαι
557 3080 713 3165 βασιλέαῖἱ

21 3145 81 3249 1,·
96 3164 304 3263 ·24fl⁷‘1'stavos
317 3181 378 3255 μὲν
397 3183 499 3240 ταῦτα
516 3176 613 3248 ἔλεξε·
633 3170 749 3250 Ξέρξης
759 3167 796 3227 δῖ
806 3166 948 3243 θυμωθῗῑῖ

38 3246 216 3317 ‘W‘sserac
238 3267 364 3331 τοῖσδε·
391 3279 414 3306 “
424 3267 629 3352 Ἀρτάβανε,
640 3259 756 3340 πατρὸς
770 3254 814 3317 εἷς
824 3253 879 3313 τοῐι
893 3248 966 3323 ἐμοῦ
