2024 3450
131 113 178 161 τις
436 109 616 156 υνοιιοτου
854 109 933 172 [vn.

130 193 181 249 τοῦ
194 189 341 269 γεγονότος
353 188 483 263 βασιλέϊ·
505 187 577 246 ὥστε
591 190 678 247 ταῦτα
691 186 827 269 λέγοντες,
842 215 935 265 περιε-

130 278 250 357 γίνοντο·
265 276 341 354 εἶχον
354 275 408 357 γάρ
420 276 465 334 καὶ
476 274 642 338 Θεσσαλοδς
655 278 710 334 τῶν
723 275 816 356 λόγων
828 277 935 338 τούτων

131 363 280 441 μάρτυρας·
310 365 341 423 οὐ
361 365 457 442 μέντοι
476 362 512 432 τά
535 390 568 445 γε
588 362 680 423 πάντα
702 361 868 440 εὐτύχησαν·
899 366 937 429 ὦς

131 450 186 532 γάρ
201 451 299 515 αότοός
313 454 419 527 ἔλαβον
437 455 463 511 οἱ
483 452 629 527 βάρβαροι
648 450 789 520 ἐλθόντας,
804 451 869 515 τούς
882 457 935 529 μέν

132 565 207 603 τινας
232 543 276 598 καὶ
298 540 460 601 α’πέκτειναν
480 539 656 615 προσιόντας,
678 539 741 601 τούς
762 539 791 598 δὲ
811 544 936 605 πλεῦνας

132 626 229 700 αὐτῶν,
252 629 434 690 κελεύσαντος
454 627 570 703 Ξέρξεω,
588 627 696 696 ἔστιζον
717 627 858 706 στίγματα
878 630 934 703 βα-

133 716 241 791 σιλήῖα,
263 717 412 793 ἀρξάμενοι
432 715 487 775 ἀπό
504 719 554 773 τοῦ
572 717 731 795 στρατηγοῦ
752 715 934 775 Λεοντιάδεω·

132 808 182 863 τοῦ
200 803 250 863 τόν
267 804 353 862 παῖδα
369 802 537 882 Εὐρύμαχον
555 801 646 881 χρόνῳ
657 803 806 878 Ιμετέπειτα
821 801 936 876 ἐφόνευ-

133 917 188 950 σαν
212 892 376 961 Πλαταιέες,
404 890 642 970 στρατηγήσαντα
669 889 773 966 άνδρῶν
799 891 935 965 Θηβαίων

132 979 317 1054 τετρακοσίων
330 979 376 1036 καὶ
390 979 497 1056 σχόντα
510 977 543 1038 τό
558 977 630 1037 ἄστυ
643 977 676 1038 τό
690 977 861 1037 Πλαταιέων.

85 1066 145 1123 234
182 1068 218 1122 Οἱ
230 1068 282 1141 μὲν
294 1065 329 1141 δή
343 1066 407 1142 περὶ
424 1064 609 1141 Θερμοπύλας
621 1065 760 1140 Ἕλληνες
779 1065 847 1123 οὕτω
861 1065 935 1147 ἠγω-

133 1152 256 1212 νίσαντο·
291 1153 396 1229 Ξέρξης
422 1153 451 1234 δέ
478 1154 601 1214 καλέσας
626 1153 803 1229 Δημάρητον,
835 1154 935 1229 εἰρώτα

134 1238 287 1317 ἀρξάμενος
308 1240 423 1300 ἐνθένδε·
452 1251 469 1275 “
479 1240 638 1317 Δημάρητε,
663 1239 734 1316 α’νηρ
756 1239 793 1302 εἷς
817 1238 935 1321 άγαθός·

132 1330 315 1405 τεκμαίρομαι
331 1328 360 1386 δὲ
380 1332 416 1405 τῇ
435 1327 566 1406 όληθηίη·
591 1326 648 1387 ὅσα
663 1326 717 1409 γάρ
739 1327 825 1397 εἶπας,
847 1327 935 1390 ἅπαν-

132 1441 168 1476 τα
187 1415 281 1493 ἀπέβη
296 1416 375 1476 οὕτω·
402 1414 450 1476 νῦν
464 1417 542 1493 δέμοι
556 1418 622 1486 εἶπέ,
647 1415 728 1475 κόσοι
749 1417 819 1478 τινές
837 1420 893 1476 εἶσι
908 1421 935 1478 οἱ

132 1505 228 1564 λοιποὶ
255 1504 478 1581 Λακεδαιμόνιοι,
502 1505 546 1562 καὶ
568 1502 671 1564 τούτων
692 1503 790 1564 ὁκόσοι
811 1509 935 1566 τοιοῦτοι

131 1592 168 1652 τό
193 1594 324 1670 πολέμια,
353 1595 406 1653 εἴτε
435 1592 480 1651 καὶ
504 1591 652 1661 ἅπαντες;”
687 1591 703 1651 ό
728 1590 751 1650 δ’
780 1590 848 1651 εἶπε·
886 1592 935 1652 “03

132 1680 267 1755 βασιλεῦ,
291 1683 398 1757 πλῆθος
423 1682 475 1757 μὲν
501 1679 610 1740 πάντων
632 1682 686 1738 τῶν
709 1679 935 1755 Λακεδαιμονίων

133 1768 244 1828 πολλόν
266 1769 312 1826 καὶ
332 1768 422 1832 πόλις·
437 1768 553 1838 πολλαὶ,
575 1766 607 1827 τό
631 1767 659 1826 δέ
698 1768 770 1829 έλεις
789 1769 935 1842 ἐκμαθέειν

134 1854 260 1929 εἰδήσεις·
292 1856 352 1915 ἐστι
379 1861 408 1915 ἐν
429 1858 465 1933 τῇ
486 1855 673 1930 Λακεδαίμονι
699 1853 823 1932 Σπάρτη,
848 1855 935 1921 πόλις

132 1940 239 2019 ἀνδρῶν
251 1941 467 2021 ὀκτακισχιλίων
476 1941 603 2019 μάλιστά
616 1968 661 2018 κη·
676 1939 752 2002 οὗτοι
764 1940 866 2005 πάντες
877 1946 934 2003 εἶσὶ

132 2028 226 2106 όμοῖοι
239 2033 314 2090 τοῖσι
331 2030 427 2091 ἐνθάδε
440 2031 674 2109 μαχεσαμένοισι·
696 2030 726 2088 οἵ
736 2055 769 2110 γε
781 2032 833 2105 μὲν
847 2029 934 2090 ἄλλοι

133 2118 347 2196 Λακεδαιμόνιοι
364 2117 490 2178 τούτοισι
506 2122 557 2194 μὲν
576 2116 625 2176 οὐκ
643 2117 743 2193 όμοῖοι,
757 2115 860 2197 ἀγαθοὶ
875 2118 932 2178 δέ.”

133 2206 193 2264 εἶπε
207 2205 283 2283 ’πρός
303 2209 390 2265 ταῦτα
410 2207 524 2280 Ξέρξης·
555 2216 571 2240 “
581 2204 741 2280 Δημάρητε,
761 2205 814 2283 τέιρ
837 2205 933 2287 τρόπῳ

132 2290 327 2366 ἀπονητότατα
353 2297 408 2351 τῶν
434 2291 539 2368 ἀνδρῶν
566 2292 670 2350 τούτων
697 2291 932 2370 ἐπικρατήσομενς

131 2378 170 2437 ’ίθι
191 2379 298 2459 ἐξηγέο·
320 2379 356 2438 σι)
376 2380 431 2459 γόρ
453 2381 523 2458 ἔχεις
543 2378 633 2439 αὐτῶν
653 2381 702 2444 τός
723 2380 861 2450 διεξόδους
878 2387 934 2442 τῶν

83 2467 142 2525 235
152 2464 360 2543 βουλευμάτων,
388 2467 433 2525 οἶα
459 2466 600 2543 βασιλεδς
626 2467 797 2548 γενόμενος.”
840 2467 875 2527 ‘0
904 2471 932 2529 δὲ

110 2570 111 2574 ’
131 2551 275 2629 ἀμείβετο·
296 2553 345 2612 “ὧ
357 2557 490 2630 βασιλεῦ,
506 2558 531 2613 εἰ
543 2556 594 2631 μέν
608 2555 641 2630 δή
661 2556 873 2632 συμβουλεύεαί
882 2584 932 2630 μοι

131 2640 286 2718 προθύμως,
301 2641 406 2702 δίκαιόν
419 2644 457 2719 μέ
472 2642 523 2703 σοί
537 2647 599 2702 ἐστι
618 2642 735 2720 φράζειν
752 2643 785 2703 τό
805 2645 932 2717 ἄριστον.

131 2732 155 2786 εἰ
172 2732 222 2803 τῆς
239 2734 367 2806 ναυτικῆς
388 2735 523 2807 στρατιῆς
540 2731 602 2793 νέας
622 2732 783 2806 τριηκοσίας
800 2729 933 2788 ἀποστεί-

130 2819 207 2878 λειας
228 2816 274 2875 ἐπὶ
292 2816 345 2890 τήν
371 2817 513 2877 Λάκαιναν
533 2817 636 2896 χώρην·
664 2819 725 2876 ἐστι
745 2817 774 2874 δὲ
797 2813 839 2874 ἐπ’
860 2814 933 2895 αὐτῇ

130 2907 217 2980 νῆσος
248 2905 404 2979 ἐπικειμένη
438 2909 473 2982 τῇ
502 2903 606 2980 οὔνομά
634 2909 694 2963 ἐστι
726 2900 851 2978 Κύθηρα,
879 2904 932 2979 τήν

117 2993 228 3066 Χίλων,
244 2991 317 3074 α’νήρ
333 2991 399 3073 παρ’
413 2992 482 3072 ἡμῖν
497 2989 830 3070 σοῴότατοςγενόρενος,
839 2990 936 3063 κέρδος

100 3082 204 3157 μέζον,
227 3087 295 3167 ἔφη,
320 3085 396 3150 εἶναι
419 3083 629 3167 Σπαρτιήτῃσι
646 3075 720 3138 κατδ
734 3078 788 3152 τῆς
802 3071 959 3140 θαλάσσης

91 3176 334 3244 καταδεδυκέναι
360 3184 486 3264 μᾶλλον
509 3175 532 3256 ἢ
556 3170 723 3250 ὑπερέχειν,
745 3159 804 3220 αἰεί
827 3181 861 3260 τὶ
884 3174 978 3247 ποοῦ..

13 3284 16 3311 ’
79 3250 186 3327 δοκῶν
197 3267 261 3332 ἀπ’
275 3272 378 3357 αὐτῆς
390 3276 523 3340 τοιοῦτο
539 3261 673 3332 ἔσεσθαι
686 3249 751 3318 ὅθεν
763 3269 797 3308 τι
809 3247 868 3316 ἒἹω
881 3233 1001 3302 ‘bum'
