2024 3450
166 111 211 157 ιιι
470 104 652 154 'ammom
884 105 917 168 [τ
925 107 962 155 11.

164 191 196 247 τέ
214 192 278 247 εἶσι·
298 184 334 263 ἦν
353 211 385 246 τε
404 185 459 267 γάρ
475 184 581 264 τύχωσι
601 183 844 262 ἐξεστρατευμένοι
864 185 963 262 χίλιοι,

163 271 241 335 οὗτοι
262 274 444 352 μαχήσονταί
458 298 510 345 τοι,
525 271 560 346 ήν
576 297 606 331 τε
626 271 781 334 ἐλάσσονες
800 272 912 344 τούτων,
929 274 965 350 ἤν

120 365 176 422 103
186 389 216 422 τε
230 364 275 432 καὶ
288 360 429 423 πλεῦνες.”
471 363 564 419 Ταῦτα
578 358 700 422 ἀκούσας
713 359 826 435 Ξέρξης,
837 360 965 440 γελάσας

166 452 230 526 ἔφη·
265 461 282 485 “
292 448 450 526 Δημάρητε,
465 448 524 506 οἶον
537 447 677 527 ἐφθέγξαο
691 448 764 515 ἔπος,
777 445 878 524 ἄνδρας
890 454 964 527 χιλί-

167 565 214 601 ους
225 529 346 615 Ιστρατιῇ
359 535 464 614 τοσῇδε
476 534 672 613 μαχήσασθαι·
707 533 766 614 άγε,
782 537 842 593 εἰπέ
854 562 910 612 μοι,
927 539 963 597 σι)

167 627 223 706 φῂς
241 625 345 686 τούτων
364 629 420 684 τῶν
438 623 543 701 ἀνδρῶν
562 621 643 685 αὐτός
661 621 801 698 βασιλεῦς
817 625 963 703 γενέσθαι;

166 714 204 774 σύ
226 714 263 774 ὧν
285 712 428 787 ἐθελήσεις
450 710 547 770 αὐτίκα
568 709 647 786 μάλα
675 710 746 787 πρός
771 710 871 787 ἄνδρας
898 712 964 772 δέκα

165 803 319 882 μάχεσθαι;
356 802 445 859 καίτοι
470 803 493 857 εἷ
514 799 546 858 τό
568 798 714 858 πολιτικόν
737 798 802 874 ὑμῖν
825 803 882 858 πᾶν
903 803 963 861 ἐστὶ

165 895 292 949 τοιοῦτον
306 890 364 948 οἶον
378 886 415 947 σι)
427 886 559 963 διαιρέεις,
575 888 611 944 σέ
622 912 655 965 γε
667 885 716 945 τόν
731 887 825 946 κείνων
837 889 964 963 βασιλέα

166 979 266 1053 πρέπει
281 976 352 1054 πρός
369 974 402 1034 τό
423 973 574 1048 διπλήσιον
592 973 815 1034 ἀντιτάσσεσθαι
832 976 901 1035 κατά
921 976 963 1036 νό-

168 1089 237 1139 μους
255 1063 320 1126 τοιλς
338 1062 494 1139 ὖμετέρους.
531 1064 554 1119 εἰ
572 1061 627 1142 γάρ
649 1063 742 1122 κείνων
761 1063 878 1126 ἕκαστος
899 1064 964 1122 δέκα

166 1151 272 1228 ἀνδρῶν
284 1155 335 1226 τῆς
351 1153 485 1227 στρατιῆς
498 1153 548 1224 τῆς
567 1154 635 1226 ἐμῆς
653 1148 781 1219 άντάξιός
799 1155 868 1222 ἐστι,
883 1154 916 1210 σὲ
934 1151 966 1210 δέ

166 1265 200 1320 γε
210 1240 320 1316 δίζημαι
332 1240 420 1298 εἴκοσι
430 1237 499 1297 εἶναι
509 1235 647 1306 α’ντάξιον·
663 1239 709 1296 καὶ
720 1237 790 1297 οὕτω
800 1241 852 1314 μὲν
861 1238 964 1317 ὀρθοῖτ’

166 1325 200 1387 ἂν
220 1327 236 1387 ό
257 1328 342 1409 λόγος
363 1326 378 1387 ό
399 1326 475 1403 παρά
493 1330 544 1385 σεῦ
563 1327 713 1403 εἰρημένος.
756 1327 829 1398 εἰδὲ,
844 1330 968 1388 τοιοῦτοί

166 1405 197 1476 τε
222 1415 311 1478 ἐόντες
337 1415 382 1474 καὶ
409 1413 536 1496 μεγάθεα
562 1417 694 1495 τοσοῦτοι
722 1413 778 1476 οἶος
804 1415 841 1474 σά
864 1442 895 1474 τε
918 1416 964 1476 καὶ

167 1503 194 1563 οἳ
206 1504 270 1582 παρ’
293 1506 340 1582 ἐμὲ
362 1507 483 1580 φοιτῶσι
506 1501 652 1579 Ἑλλήνων
675 1508 702 1565 ἐς
722 1501 832 1584 λόγους,
853 1503 964 1583 ου’χεῖτε

166 1596 311 1663 τοσοῦτον,
337 1591 389 1669 ὅρα
412 1590 452 1668 μή
479 1590 570 1668 μάτην
598 1591 705 1668 κόμπος
730 1590 746 1650 ό
773 1591 859 1673 λόγος
886 1590 965 1654 οὗτος

168 1683 308 1758 εἰρημένος
326 1680 378 1756 εἴη.
420 1679 479 1738 ἐπεὶ
498 1680 567 1756 φέρε
585 1680 597 1738 ἰ’
612 1707 633 1738 ω
648 1680 732 1738 παντὶ
744 1683 783 1757 τῷ
796 1679 891 1739 οἰκότι·
913 1684 964 1743 κῶς

166 1766 345 1839 ἂνδυναιάτο
368 1769 465 1846 χιλιοι,
486 1765 504 1842 ἢ
527 1767 572 1825 καὶ
592 1766 695 1843 μύριοι,
713 1765 731 1842 ἢ
752 1768 798 1825 καὶ
819 1795 963 1829 πεντακισ-

166 1855 267 1931 μύριοι,
279 1856 368 1918 ἐόντες
381 1882 414 1936 γε
428 1853 567 1931 ἐλεύθεροι
580 1855 680 1918 πάντες
694 1854 794 1931 ὁμοίως
808 1858 853 1915 καὶ
866 1857 906 1934 μή
919 1854 965 1916 ὑπ’

168 1933 227 2005 ἑνός
247 1942 405 2020 οἷρχόμενοι,
436 1945 546 2020 στρατῷ
572 1943 678 2021 τοσῷδε
700 1942 876 2017 άντιστῆναι;
906 1948 968 2004 ἐπεί

166 2057 210 2090 τοι
236 2035 352 2095 πλεῦνες
372 2029 436 2108 περὶ
459 2031 507 2089 ἕνα
528 2031 646 2090 ἕκαστον
669 2030 804 2109 γινόμεθα
825 2029 843 2104 ἢ
866 2033 963 2107 χίλιοι,

167 2118 266 2179 ἐόντων
283 2119 392 2178 ἐκείνων
406 2119 488 2177 πέντε
504 2117 661 2196 χιλιαδέων.
704 2115 758 2174 ὖπὸ
773 2118 825 2190 μὲν
837 2116 891 2196 γάρ
907 2116 965 2178 ἑνός

167 2205 317 2284 ἀρχόμενοι
339 2206 409 2265 κατὰ
430 2204 542 2281 τρόπον
554 2202 604 2263 τόν
624 2202 767 2279 ἡμέτερον,
791 2203 910 2281 γενοίατ’
931 2202 965 2265 ἂν

167 2294 352 2369 δειμαίνοντες
372 2295 471 2352 τοῦτον
494 2291 540 2348 καὶ
563 2288 639 2365 παραὶ
665 2287 717 2365 τήν
745 2292 850 2349 ἑωυτῶν
877 2287 965 2367 φύσιν

167 2378 315 2455 ἀμείνονες,
329 2377 375 2436 καὶ
392 2378 460 2436 ἰὀιεν
475 2374 692 2456 ἀναγκαζόμεναι
709 2374 828 2459 μάστιγι
842 2384 869 2443 ἐς
882 2385 965 2440 πλεῦ-

167 2491 216 2529 νας
234 2463 389 2527 ἐλάσσονες
406 2464 505 2526 ἐόντες·
526 2463 663 2539 ἀνειμένοι
680 2464 709 2524 δὲ
723 2469 751 2528 ἐς
763 2467 796 2526 τὸ
811 2469 965 2546 ἐλεύθερον,

168 2553 218 2613 οὐκ
239 2551 273 2612 ἂν
290 2552 410 2612 ποιέοιεν
426 2551 532 2612 τούτων
551 2550 688 2630 οὐδέτερα·
728 2553 816 2634 Ιδοκέω
832 2556 862 2616 δὲ
881 2559 967 2641 ἔγωγε

170 2642 215 2699 καὶ
248 2640 433 2704 ἀνισωθέντας
466 2639 570 2717 πλήθεϊ
602 2645 732 2721 χαλεπῶς
762 2642 797 2704 ἂν
822 2639 967 2722 Ἕλληνας

167 2730 299 2808 Πέρσῃσι
312 2727 442 2804 μούνοισι
454 2728 606 2808 μάχεσθαι·
631 2729 709 2790 άλλά
721 2731 787 2808 παρ’
801 2732 868 2809 ἡμῖν
883 2735 967 2793 τοῦτό

168 2824 229 2878 ἐστι
247 2817 280 2878 τό
294 2817 331 2877 σύ
349 2817 449 2897 λέγεις·
472 2819 532 2878 ἐστι
544 2845 577 2898 γε
590 2818 686 2895 μέντοι
705 2821 738 2882 αι’
755 2821 875 2890 πολλόν,
890 2819 966 2879 άλλοὶ

167 2907 296 2968 σπάνιον·
318 2906 374 2967 εἰσὶ
386 2906 441 2988 γάρ
456 2907 590 2983 Περσέων
599 2910 654 2967 τῶν
665 2911 737 2981 ἐμῶν
748 2908 930 2985 αἰχμοφόρων
942 2909 968 2967 οἳ

153 2995 335 3074 ἐθελήσουσι
350 2994 495 3076 Ἑλλήνων
509 2993 627 3074 ἀνδράσι
640 2993 717 3070 τρισὶ
731 2993 803 3072 ὁμοῦ
813 2994 967 3075 μάχεσθαι·

85 3077 151 3138 104
161 3087 222 3144 τῶν
229 3086 273 3148 σι)
282 3088 341 3151 ε’ὠν
350 3087 480 3172 ἄπειρος,
488 3083 591 3149 πολλὰ
601 3081 774 3164 φλυιιρέειςῖἱ
795 3081 882 3158 Rp&
890 3087 980 3141 ταυτα

120 3173 318 3254 Δημάρητος
337 3181 436 3264 λέγει·
456 3177 509 3241 “ὦ
529 3178 673 3260 βασιλεῦ,
688 3170 814 3254 ἆρχῆθῑν
827 3165 1003 3267 Ἶῖὶῒῒῑῦῒέῑλῑλλλχ

106 3250 156 3310 ὄπ
172 3259 323 3349 ἅληθηῗῃ
334 3275 522 3358 χρεώμενος
536 3269 573 3335 οὗ
592 3269 676 3346 φίλα
688 3289 737 3327 τοι
752 3259 831 3338 ἒΡὲΨ
849 3254 888 3314 οδ
898 3253 936 3311 δῖ
948 3255 1000 3305 ³²¹²
