2024 3450
129 116 159 161 ιο
431 109 613 158 ἯΡοΔοσου
860 111 921 175 [vl.

126 190 319 265 κεκακωμένων
333 191 363 247 ε’κ
375 191 426 264 τῆς
439 188 594 266 ναυμαχίης
606 187 622 248 0⁸
633 187 765 253 Ἱστιαῖος
778 191 848 268 ἔχων
860 193 924 256 τούς

125 277 268 350 Λεσβίους
282 276 462 352 ἐπεκράτησε,
477 280 507 333 έκ
518 276 663 353 Πολίχνης
673 279 723 351 τῆς
733 277 808 336 Χίων
821 278 923 356 όρμεά-

78 365 114 422 27
125 375 216 439 μἐνος.
258 362 353 421 Φιλέει
375 364 405 421 δέ
426 390 478 426 κως
493 364 694 439 προσημαίνειν
712 362 764 422 εὖτ’
778 362 811 424 ἂν
829 368 923 446 μέλλῃ

124 449 235 530 μεγάλα
250 449 348 526 κακάή
361 449 430 509 πόλι
443 449 461 525 ἢ
476 450 547 509 έθνεῖ
562 450 686 509 ἔσεσθαι·
702 451 747 509 καὶ
760 452 819 531 γάρ·
826 455 924 514 Χίοισι

124 537 179 613 πρό
191 538 295 597 τούτων
308 537 417 614 σημήῖα
431 536 544 617 μεγάλα
562 538 680 616 ἐγένετο·
701 541 783 598 τοῦτο
799 541 852 616 μέν
867 550 923 616 σφι

124 626 255 703 πέμψασι
278 629 306 688 ές
329 623 462 701 Δελφοδς
488 623 575 702 χορόν
601 625 726 699 νεηνιέων
753 626 851 686 ἑκατόν
875 627 923 688 δύο

123 718 221 788 μοῦνοι
242 712 346 773 τούτων
368 711 575 785 ἀπενόστησαν·
597 711 661 773 τούς
682 711 711 770 δὲ
733 710 804 771 ὀκτώ
824 739 856 772 τε
879 719 924 775 καὶ

124 800 303 875 ε’ννενήκοντσ
317 799 406 858 αὐτῶν
420 797 520 874 λοιμός
533 797 688 872 ὖπολαβιδν
702 796 841 872 άπήνεικε·
860 807 923 860 τοῦ·

123 912 156 945 το
173 887 202 945 δὲ
219 885 249 947 ,έν
268 892 304 964 τῇ
322 885 391 944 πόλι
410 884 459 944 τόν
478 884 562 943 αὐτόν
582 888 681 944 τοῦτον
701 884 923 968 χρόνον,,ο’λι’γον

123 972 179 1048 πρό
193 979 243 1048 τῆς
257 974 418 1050 ναυμαχίης,
433 973 516 1030 παισὶ
528 970 680 1050 γράμματα
696 972 922 1050 διδασκομένοισι

124 1060 239 1118 ἐνέπεσε
252 1059 270 1134 ή
285 1061 380 1138 στέγη,
395 1057 468 1117 ὥστε
482 1057 529 1116 ἀπ’
544 1057 640 1117 ἑκατόν
654 1059 699 1116 καὶ
713 1060 802 1118 εἴκοσι
817 1061 921 1122 παίδων

126 1145 163 1208 εἷς
175 1149 279 1222 μοῦνος·
296 1145 431 1226 α’πέφυγε.
473 1149 560 1204 ταῦτα
573 1145 624 1220 μέν
638 1152 693 1220 σφι
707 1147 816 1222 σημήῖα
830 1147 846 1208 ά
861 1149 922 1212 θεός

123 1234 262 1310 προέδεξε·
283 1231 354 1309 μετά
373 1233 402 1292 δὲ
419 1232 549 1308 ταῦτα,ή
570 1234 709 1312 ναυμαχίη
730 1233 921 1310 ὑπολαβοῦσα

124 1325 151 1384 ές
167 1320 235 1401 γόνυ
247 1321 299 1396 τήν
312 1320 397 1382 πόλιν
412 1321 509 1396 ἔβαλε·
531 1320 576 1378 ε’πὶ
596 1321 625 1378 δὲ
645 1324 681 1397 τῇ
701 1323 840 1400 ναυμαχίη
861 1328 920 1381 ἐπε·

122 1410 221 1488 γένετο’
239 1409 371 1472 Ἱστιαῖος
392 1408 535 1483 Λεσβίους
561 1407 644 1488 άγων·
673 1409 865 1484 κεκακωμένων
892 1410 920 1468 δὲ

123 1500 177 1556 τῶν
191 1498 273 1566 Χίων,
289 1496 488 1572 καταστροφήν
509 1493 641 1558 εὐπετέως
655 1495 743 1554 αὐτῶν
757 1496 919 1570 ἐποιήσατο.

76 1583 114 1640 28
162 1583 305 1645 Ἐνθεῦτεν
322 1583 351 1642 δὲ
373 1583 533 1647 όἹστιαῖος
552 1582 731 1659 ἐστρατεύετο
754 1583 798 1640 ἐπὶ
814 1584 918 1658 Θάσον,

79 1669 82 1674 ’
123 1668 197 1750 άγων
212 1671 310 1731 Ἰάνων
331 1666 380 1729 καί
399 1672 521 1733 Αἰολέων
543 1670 673 1748 συχνούς.
714 1672 920 1749 περικατημένῳ

123 1757 154 1816 δέ
173 1763 199 1817 οἱ
212 1759 309 1818 Θάσον
327 1759 397 1833 ἦλθε
416 1758 546 1838 Ιἀγγελίη,
562 1758 597 1821 οἷς
610 1761 636 1816 οἶ
649 1758 772 1818 Φοίνικες
792 1757 918 1816 α’ναπλά

124 1869 188 1902 ουσι
209 1850 237 1902 ἐκ
258 1849 308 1919 τῆς
321 1845 451 1918 Μιλήτου
469 1846 514 1903 ἐπὶ
530 1846 581 1920 τήν
595 1845 687 1918 άλλην
699 1843 814 1918 Ἰωνίην·
829 1845 918 1905 Ιπυθό-

123 1955 204 2005 μενος
220 1931 249 1989 δὲ
268 1935 356 1990 ταῦτα
369 1931 466 1991 Θάσον
486 1934 537 2007 μὲν
555 1930 713 2006 ἀπόρθητον
726 1930 824 1999 λείπει,
839 1930 920 1994 αότός

124 2016 154 2075 δὲ
168 2023 194 2081 ές
206 2016 257 2094 τήν
270 2020 387 2094 Λέσβον
404 2016 534 2097 ήπείγετο
555 2015 629 2097 άγων
648 2021 744 2077 πᾶσαν
763 2017 815 2092 τήν
835 2044 919 2095 στρα-

123 2105 193 2181 τιήν·
215 2111 245 2164 ἐκ
266 2107 384 2180 Λέσβου
407 2105 443 2177 δὲ,
462 2103 646 2181 λιμαινούσης
664 2108 690 2163 οἶ
710 2109 759 2180 τῆς
778 2110 918 2181 στρατιῆς,

124 2196 210 2269 πέρην
230 2193 368 2268 διαβαίνει
389 2197 419 2249 ε’κ
439 2195 488 2250 τοῦ
511 2190 657 2267 Ἀταρνέος
678 2191 713 2254 οἷς
734 2190 850 2266 άμήσων
870 2191 920 2251 τόν

123 2283 211 2348 σῖτον,
225 2279 317 2338 τόντε
332 2279 454 2338 ἐνθεῦτεν
468 2279 515 2337 καὶ
527 2277 576 2337 τόν
591 2284 621 2337 ἐκ
634 2279 742 2337 Καΐκου
760 2278 855 2337 πεδίου
870 2278 920 2337 τόν

112 2368 178 2443 ιτῶν
191 2369 308 2424 Μυσῶν·
331 2370 359 2424 έν
373 2365 402 2422 δὲ
415 2365 540 2425 τούτοισι
552 2367 629 2424 τοῖσι
641 2366 769 2443 χωρίοισι
788 2364 920 2444 έτόγχανε

124 2451 175 2510 εἰδν
190 2451 343 2532 Ἅρπαγος,
366 2451 435 2528 άνήρ
457 2453 580 2529 Πέρσης,
605 2451 763 2532 στρατηγός
787 2454 921 2527 στρατιῆς

124 2539 174 2598 οὖκ
197 2538 302 2619 ὀλίγης·
330 2539 360 2602 ὅς
383 2542 409 2597 οῖ
433 2537 489 2598 σ’πο
514 2539 574 2600 άντι
602 2539 760 2615 συμβαλών
787 2536 871 2597 αὐτόν
890 2564 920 2596 τε

98 2667 103 2676 ·
124 2625 257 2686 Ἱστιαῖον
271 2627 371 2708 ζωγρίῃ
386 2628 474 2703 ἔλαβε
492 2627 539 2686 καὶ
556 2626 606 2686 τόν
627 2625 748 2702 στρατόν
766 2624 851 2684 αὐτοῦ
871 2624 921 2693 τόν

76 2716 201 2774 29πλέω
220 2713 366 2790 διέφθειρε.
407 2713 569 2795 Έζωγρήθη
583 2713 612 2772 δὲ
629 2712 644 2771 ό
658 2712 789 2775 Ἱστιαῖος
803 2709 864 2770 ὦδε·
886 2710 922 2774 ὦς

125 2792 264 2879 ἐμάχοντο
281 2806 307 2860 οἱ
317 2804 457 2877 Ἕλληνες
469 2806 546 2861 τοῖσι
558 2803 692 2878 Πέρσησι
706 2807 735 2860 έν
747 2804 783 2878 τῇ
796 2798 921 2876 Μαλήνῃ

122 2892 174 2964 τῆς
185 2887 386 2965 Ἀταρνείτιδος
405 2889 505 2968 χώρης,
521 2893 547 2948 οἶ
560 2891 610 2965 μὲν
625 2889 804 2948 συνέστασαν
820 2884 922 2965 χρόνον

122 2976 169 3035 ε’πί
183 2976 301 3048 πολλόν,
312 2977 330 3054 ή
345 2977 374 3036 δὲ
388 2978 471 3038 ἵππος
483 2976 602 3053 ὕστερον
612 2975 770 3052 ὁρμηθεῖσα
781 2973 923 3032 ἐπιπίπτει

103 3065 185 3121 τοῖσι
199 3063 339 3141 Ἕλλησι·
360 3065 427 3128 τότε
448 3065 484 3144 δή
507 3066 589 3148 ἔργον
604 3067 656 3140 τῆς
667 3064 757 3122 ἵππου
770 3065 853 3120 τουτο
867 3059 923 3136 ἐχέ-

84 3167 167 3203 νετο·
185 3152 240 3210 καί
261 3157 472 3235 τετραμμένων
499 3161 556 3219 τῶν
581 3151 745 3227 Ἑλλήνων,
768 3147 943 3208 ὸἹστιαῖος

65 3227 203 3301 {An-[lm
216 3241 273 3301 ου’κ
287 3244 490 3312 α’πολέεσθαι
510 3245 573 3309 ὗπδ
589 3239 742 3323 βασιλέως
754 3233 805 3295 διδ.
818 3229 870 3303 τὴν
884 3249 958 3298 ΜΡ·
