2024 3450
114 113 221 180 51-55]
427 115 611 163 ΠοΛυΜυιι.
865 116 912 163 145
946 131 948 134 ·

108 194 203 272 Ιπάρεξ
215 194 245 254 δὲ
257 193 365 263 τούτου,
380 199 409 253 ἐν
421 199 456 271 τῇ
469 195 590 274 ἡμετέρῃ
611 192 815 258 καταλιπόντας
831 193 914 254 τέκνα

112 308 143 341 τε
164 283 210 342 καὶ
229 287 360 363 γυναῖκας
374 284 420 340 καὶ
433 282 573 360 χρήματα,
588 282 644 341 οὐδ’
658 283 840 363 ἐπιλέγεσθαι
857 282 912 361 χρὴ

112 370 243 447 νειύτερόν
256 398 283 430 τι
297 370 434 445 ποιήσειν·
457 370 526 430 ούτω
540 371 610 447 μηδὲ
622 376 705 430 τοῦτο
720 372 821 445 φοβέο,
836 369 912 429 ἀλλά

113 457 201 534 θυμόν
225 459 294 537 έχων
319 456 433 537 ἀγαθόν,
456 459 527 529 σῶζε
552 457 628 516 οἶκόν
650 484 681 516 τε
704 456 753 516 τόν
777 457 844 533 ἐμόν
868 458 913 516 καὶ

112 547 258 622 τυραννίδα
274 545 326 621 τὴν
345 544 423 621 ἐμήν·
444 546 493 604 σοὶ
512 545 567 625 γάρ
589 544 642 626 ἐγῶ
654 544 747 622 μούνῳ
761 549 790 603 ἐκ
803 543 912 605 πάντων

113 637 244 708 σκῆπτρα
256 633 292 692 τά
308 631 361 707 ἐμοὶ
375 632 541 708 ἐπιτράπω.”

153 724 247 777 Ταῦτα
268 721 346 782 εἴπας
359 718 405 777 καὶ
417 719 595 796 Ἀρτάβανον
615 719 786 782 ἀποστείλας
800 723 827 782 ἐς
841 721 910 782 Σοῦ·
921 722 959 778 53

113 831 160 875 σα,
175 805 287 884 δεύτερα
299 807 497 885 μετεπέμψατο
511 809 616 885 Ξέρξης
630 808 764 884 Περσέων
783 806 847 869 τούς
867 806 910 864 δο·

51 962 53 969 y
113 893 290 967 κιμωτάτους·
312 896 372 955 ἐπεὶ
393 895 424 954 δέ
445 899 472 955 οἱ
493 901 634 973 παρῆσαν,
658 895 739 976 ἐλεγέ
758 903 815 970 σφι
836 895 911 955 τάδε·

113 985 131 1012 “
144 975 294 1058 ὦΠέρσαι,
307 981 385 1043 τῶνδ’
400 983 454 1064 ἐγιδ
467 983 556 1060 ύμέων
575 984 685 1063 χρῄζων
706 984 850 1054 συνέλεξα,
866 981 911 1042 ἅν-

112 1067 178 1144 δρας
195 1095 226 1129 τε
243 1072 371 1150 γίνεσθαι
391 1070 520 1152 ἀγαθούς,
535 1072 580 1131 καὶ
600 1073 640 1149 μὴ
662 1071 857 1151 καταισχύνειν
875 1070 911 1131 τά

111 1157 236 1233 πρόσθεν
254 1161 413 1240 ἐργασμένα
427 1161 567 1240 Πέρσησι,
583 1160 663 1220 ἐόντα
683 1160 795 1241 μεγάλα
812 1186 843 1219 τε
862 1159 908 1219 καὶ

111 1250 222 1307 πολλοῦ
241 1246 315 1317 άξια·
336 1247 401 1307 ἀλλ’
416 1248 459 1311 εἶς’
466 1275 496 1308 τε
511 1249 627 1312 ἕκαστος
641 1250 686 1307 καὶ
706 1252 732 1307 οἱ
748 1248 908 1324 σύμπαντες

111 1335 267 1411 προθυμίην
288 1336 402 1413 ἔχωμεν·
424 1336 504 1405 ξυνόν
526 1335 581 1415 γάρ
603 1341 686 1395 τοῦτο
708 1341 780 1394 πᾶσι
803 1334 909 1414 ἀγαθάν

112 1422 271 1481 σπεύδεται.
308 1422 393 1481 τῶνδε
406 1423 435 1480 δέ
450 1424 538 1481 εἵνεκα
551 1422 729 1502 προαγορεύω
742 1421 910 1499 ἀντέχεσθαι

111 1511 160 1566 τοῦ
177 1510 303 1584 πολέμου
325 1511 513 1583 ἐντεταμένωςή
536 1509 570 1571 ὦς
583 1508 637 1588 γάρ
652 1509 705 1588 ἐγώ
726 1507 908 1584 πυνθάνομαι,

113 1593 153 1651 ἐπ’
172 1593 271 1670 ἄνδρας
293 1595 502 1671 στρατευόμεθα
525 1594 656 1676 άγαθούς;
678 1600 733 1655 τῶν
755 1593 790 1671 ἢν
811 1595 908 1671 κρατὴ-

112 1707 212 1757 σωμεν,
228 1681 259 1741 ού
277 1682 318 1757 μή
331 1708 372 1744 τις
385 1682 452 1757 η’μῖν
465 1682 555 1744 ἄλλος
568 1683 689 1760 στρατός
707 1682 825 1761 ἀντιστῇ
846 1709 909 1742 κοτε

111 1766 270 1843 ἀνθρώπων.
311 1773 359 1829 νῦν
378 1769 407 1827 δὲ
428 1770 614 1848 διαβαίνωμεν
634 1769 813 1847 ἐπευξάμενοι
833 1773 909 1829 τοῖσι

112 1855 210 1926 θεοῖσι,
230 1857 275 1916 τοὶ
296 1860 423 1934 Περσίδα
443 1862 497 1939 γῆν
518 1858 702 1939 λελόγχασι.”

151 1943 260 2020 Ταύτην
279 1947 331 2021 μὲν
352 1947 403 2021 τὴν
423 1947 529 2022 ἡμέρην
547 1947 791 2023 παρασκευάζοντα
810 1952 838 2010 ἐς
856 1946 955 2022 τὴν54

110 2030 253 2107 διάβασιν·
273 2038 309 2111 τῇ
328 2034 357 2092 δὲ
375 2034 508 2112 ύστεραίῃ
527 2034 658 2111 ἀνέμενον
677 2033 726 2094 τόν
746 2034 835 2111 ἥλων,
850 2035 907 2093 ἐθέ-

109 2125 204 2183 λοντες
219 2121 326 2180 ἰδέσθαι
340 2120 500 2201 ἀνίσχοντα,
513 2122 673 2198 θυμιήματά
686 2148 717 2182 τε
729 2127 848 2182 παντοῖα
862 2122 907 2181 ἐπὶ

109 2212 162 2268 τῶν
181 2210 323 2290 γεφυρέων
337 2212 529 2290 καταγίζοντες
543 2211 588 2268 καὶ
601 2213 754 2290 μυρσίνῃσι
775 2211 906 2287 στορνύν-

108 2322 153 2359 τες
171 2296 223 2372 τὴν
243 2298 316 2358 ὁδόν·
338 2298 373 2360 ὥς
386 2298 408 2357 δ’
423 2298 591 2357 ἐπανέτελλε
604 2299 620 2358 ὁ
632 2299 720 2374 ἥλιος,
735 2298 860 2358 σπένδων
874 2303 905 2356 ἐκ

108 2386 230 2461 χρυσέης
251 2386 356 2462 φιάλης
377 2386 482 2463 Ξέρξης
506 2391 532 2448 ἐς
555 2387 606 2462 τὴν
628 2387 788 2456 θάλασσαν,
811 2384 906 2464 εὔχετο

109 2470 178 2545 πρός
203 2471 252 2532 τόν
277 2472 366 2548 ἥλιον,
390 2474 527 2550 μηδεμίαν
554 2477 580 2533 οί
604 2475 755 2554 συντυχίην
775 2474 905 2549 τοιαύτην

109 2557 240 2636 γενέσθαι
257 2559 276 2634 ἡ
295 2586 343 2635 μιν
363 2560 466 2620 παύσει
486 2564 736 2641 καταστρέψασθαι
749 2561 800 2637 τὴν
814 2560 905 2637 Εύρά-

109 2671 165 2720 πην
183 2646 348 2723 πρότερονὴ
363 2648 408 2707 ἐπὶ
428 2649 548 2726 τέρμασι
567 2656 643 2710 τοῖσι
664 2651 767 2728 ἐκείνης
782 2651 904 2731 γένηται·

110 2732 257 2810 εὐξάμενος
278 2736 315 2806 δέ,
338 2738 462 2812 ἐσέβαλε
482 2738 535 2814 τὴν
556 2739 663 2815 φιάλην
684 2744 712 2803 ἐς
732 2737 782 2799 τόν
802 2737 904 2812 Ἑλλή-

109 2847 232 2883 σποντον
254 2824 300 2882 καὶ
317 2822 440 2903 χρύσεον
458 2830 581 2902 κρηπὴρα
599 2826 644 2885 καὶ
664 2826 807 2904 Περσικόν
824 2827 905 2900 ξίφος

110 2908 157 2968 τόν
177 2909 309 2988 ἀκινάκην
331 2913 475 2973 καλέουσι.
516 2918 603 2973 ταῦτα
627 2914 676 2974 ούκ
698 2917 751 2992 ἐχω
773 2913 905 2987 ἀτρεκέως

109 2995 252 3074 διακρῖναι,
269 2998 333 3060 οὔτε
354 3005 378 3060 εἰ
397 3006 437 3081 τῷ
457 3001 531 3080 ἡλίω
553 3000 698 3062 ἀνατιθεὶς
716 3002 825 3066 κατῆκε
842 3001 878 3048 ”az
891 2992 930 3044 τὶ

104 3084 235 3166 πέλαγος,
253 3087 318 3150 οὔτε
342 3093 367 3152 εἶ
387 3090 579 3171 μετεμέλησέ
599 3093 628 3148 οἱ
645 3087 697 3146 τδν
713 3075 966 3172 Ἑλλῆῦπῖω.

90 3174 319 3254 μασῒῑγώαντι
335 3182 384 3242 καὶ
400 3182 470 3244 ἀντὶ
484 3179 604 3241 τούτων
618 3175 677 3250 τὴν
692 3169 865 3231 θάλασσαν
883 3148 1012 3265 &mi

85 3280 157 3334 ‘7⁰0'
192 3261 245 3331 Ὧς
270 3267 303 3329 δέ
330 3272 437 3335 ταῦτα’.
463 3275 498 3334 οἱ
526 3266 718 3340 ἐπεποίητο,
734 3248 907 3321 &33²⁸va
939 3242 982 3273 m
