2024 3450
117 91 220 155 ιι-ιυ]
450 94 634 143 nomm,
872 93 918 141 ιιι

117 172 306 251 Σκάμανδρον,
320 172 351 237 ῦς
363 177 472 251 πρῶτος
484 178 618 250 ποταμῶν
631 174 693 232 ἐπεί
703 198 734 233 τε
748 175 778 231 ἐκ
793 170 916 248 Σαρδίων

116 257 283 335 ὁρμηθέντες
296 261 481 340 ἐπεχείρησαν
494 264 530 338 τῇ
544 260 605 339 ὁδῶ,
617 262 732 319 ἐπέλιπε
745 258 778 319 τά
790 260 912 336 ῥέεθρον,

116 345 171 404 οὐδ’
186 347 331 426 ἀπέχρησε
350 351 387 426 τῇ
407 352 527 425 στρατιῇ
545 373 575 406 τε
589 348 634 405 καὶ
647 351 724 407 τοῖσι
738 346 850 422 κτήνεσι
863 373 914 406 πι-

117 431 240 509 νόμενος·
268 436 314 492 ἐπὶ
335 440 434 495 τοῦτον
458 435 492 510 δῇ
516 434 566 495 τδν
588 434 716 511 τοταμδν
741 433 775 495 ῶς
799 433 913 495 άπίκετο

115 521 227 598 Ξέρξης,
238 527 265 585 ἐς
274 523 305 581 τῦ
317 523 448 599 Πριάμου
460 524 614 603 Πέργαμον
627 521 725 597 άνέβη,
738 521 832 597 ἵμερον
845 523 914 600 ἔχων

116 608 284 682 θεήσασθαι·
313 610 484 687 θεησάμενος
512 611 541 668 δὲ
568 610 613 669 καὶ
639 608 795 683 πυθόμενος
821 610 914 670 κείνων

115 693 229 765 ἕκαστα,
243 701 278 774 τῇ
291 695 425 776 Ἀθηναίη
443 701 479 776 τῇ
496 697 596 757 Ἰλιάδι
617 698 700 757 ἔθυσε
719 696 791 772 βοῦς
811 697 912 775 χιλίας,

114 781 184 858 χοάς
195 782 223 841 δὲ
237 786 263 842 οἱ
276 784 362 864 μάγοι
375 789 451 845 τοῖσι
464 785 554 864 ἥρωσι
564 787 688 866 ἐχέαντο·
708 788 797 844 ταῦτα
811 783 840 842 δέ
853 811 912 844 ποι-

115 870 283 944 ησαμένοισι
296 872 391 937 νυκτὸς
401 873 496 950 φόβος
505 879 532 938 ἐς
540 873 573 935 τά
587 873 779 952 στρατόπεδον
789 873 911 934 ἐνέπεσε·

115 954 174 1031 ἅμα
191 957 280 1038 ἡμέρη
301 960 330 1018 δὲ
350 961 495 1040 ἐπορεύετο
515 963 647 1033 ἐνθεῦτεν,
661 968 691 1023 ἐν
710 961 845 1040 ἀριστερῇ
860 966 912 1039 μὲν

114 1041 240 1126 ἀπέργων
252 1048 383 1110 Ῥοίτειον
396 1050 481 1111 πάλιν
501 1052 546 1110 καὶ
559 1028 725 1129 Ὀφρύιίειον
739 1052 785 1109 καὶ
799 1050 908 1129 Δάρδα-

114 1155 168 1203 ''⁰¹ss
182 1132 252 1212 ἥπερ
267 1136 300 1212 δή
314 1135 425 1219 Ἀβύδῳ
438 1138 557 1218 ὅμουρύς
571 1146 640 1209 ε’στι,
656 1145 684 1199 ἐν
703 1139 778 1217 δεξιῇ
800 1139 829 1197 δὲ
843 1141 909 1217 Γέρ-

111 1221 191 1298 γιθας
207 1226 348 1302 Τευκρούς.

150 1307 228 1370 Ἐπεὶ
253 1312 275 1370 δ’
300 1315 426 1394 ἐγένοντο
454 1321 482 1375 ἐν
507 1315 629 1391 Ἀβύδῳ,
653 1313 780 1387 ἠθέλησε
802 1312 908 1385 Ξέρξης
918 1315 956 1370 44

112 1395 219 1458 ἰδέσθαι
236 1400 327 1458 πάντα
345 1402 393 1460 τῶν
414 1400 546 1475 στρατόν·
569 1402 614 1456 καὶ
628 1397 833 1472 προεπεποίητο
854 1396 908 1473 γάρ

111 1484 156 1540 ἐπὶ
175 1490 296 1543 κολωνοῦ
316 1487 439 1558 ἐπίτηδες
458 1485 531 1560 αύτῷ
550 1484 637 1559 ταύτῇ
658 1481 809 1556 προεξέδρη
828 1483 909 1539 λίθου

111 1572 221 1625 λευκοῦ·
243 1571 377 1641 ἐποίησαν
400 1570 429 1626 δὲ
445 1568 607 1642 Ἀβυδηνοὶ,
630 1566 821 1639 ἐντειλαμένου
841 1567 908 1641 πρά-

111 1677 192 1727 τερον
204 1654 352 1727 βασιλέος·
375 1654 492 1711 ἐνθαῦτα
506 1652 541 1713 ῶς
555 1653 635 1721 ἵζετο,
651 1655 774 1725 κατορῶν
795 1654 839 1709 ἐπὶ
859 1657 909 1727 τῇς

59 1761 61 1765 ’
112 1737 204 1812 ἠϊόνος
224 1741 331 1814 ἐθηεῖτο
352 1739 397 1796 καὶ
417 1737 468 1797 τῶν
484 1737 568 1808 πεζῶν
582 1738 627 1795 καὶ
640 1736 689 1800 τάς
702 1738 773 1800 νέας·
796 1728 919 1815 θηεύμε-Ι

113 1851 158 1887 νος
179 1827 208 1884 δὲ
229 1826 328 1902 ἱμέρθη
341 1828 396 1883 τῶν
409 1829 476 1885 νεῶν
489 1823 614 1900 ἅμιλλαν
627 1826 773 1905 γινομένην
791 1827 907 1887 ἰδέσθαι·

113 1913 171 1971 ἐπεὶ
185 1912 208 1972 δ’
223 1912 330 1994 ἐγένετό
344 1938 374 1972 τε
387 1912 433 1971 καὶ
447 1913 539 1972 ἐνίκων
552 1913 675 1976 Φοίνικες
684 1913 816 1985 Σιδώνιοι,
831 1915 907 1990 ἥσθη

111 2027 142 2060 τε
162 2005 198 2080 τῇ
214 2001 323 2081 άμίλλῃ
343 2000 389 2059 καὶ
406 2005 442 2079 τῇ
460 2006 588 2079 στρατιῇ·
622 2000 670 2063 Ὡς
691 2002 719 2059 δὲ
740 2001 797 2077 ῶρα
816 2002 908 2062 πάντα
916 2005 955 2061 45

110 2091 161 2164 μὲν
181 2088 231 2151 τῶν
243 2089 458 2166 Ἑλλήσποντον
477 2088 532 2148 ύπό
548 2093 602 2148 τῶν
618 2093 684 2148 νεῶν
700 2087 907 2166 ἀποκεκρυμμέ-

110 2204 166 2250 νον,
183 2178 277 2242 πάσας
295 2178 324 2238 δέ
345 2177 395 2240 τοὶς
415 2176 500 2240 οἶκτοῖς
522 2177 568 2235 καὶ
589 2177 625 2234 τά
641 2175 805 2253 Ἀβυδηνῶν
825 2178 906 2236 πεδία

111 2269 230 2327 ἐπίπλεα
251 2266 408 2344 ἀνθρώπων,
430 2266 547 2325 ἐνθαῦτα
563 2265 668 2342 Ξέρξης
689 2264 788 2325 ἐωυτῦν
806 2266 906 2344 ἐμακά-

109 2379 182 2430 ρισε·
202 2354 273 2432 μετά
286 2356 315 2413 δέ
327 2359 411 2415 τοῦτο
425 2353 568 2432 ἐδάκρυσε.
610 2353 717 2413 Μαθῶν
737 2353 768 2413 δέ
783 2381 831 2432 μιν
843 2354 906 2433 Ἀρ·
917 2359 952 2414 46

111 2442 233 2518 τάβονος
245 2442 260 2501 ὀ
274 2443 391 2519 πάτρως,
405 2442 435 2506 ῦς
452 2442 486 2503 τά
507 2446 617 2520 πρῶτον
629 2441 741 2524 γνῶμην
754 2443 906 2512 ἀπεδέξατο

111 2530 257 2606 ἐλευθέρως
271 2529 303 2588 οῦ
317 2526 522 2607 συμβουλεύων
533 2531 623 2609 Ξέρξῃ
639 2529 841 2606 στρατεύεσθαι
862 2531 907 2589 ἐπὶ

109 2617 161 2692 τῇν
181 2617 315 2690 Ἑλλάδα,
340 2617 419 2680 οῦτος
439 2618 510 2695 ῶνῇρ
528 2619 665 2695 φρασθεὶς
685 2619 790 2696 Ξέρξεα
809 2619 904 2697 δακρύ-

109 2731 200 2766 σαντα
213 2706 301 2783 εἴρετο
316 2705 390 2763 τάδε·
413 2706 460 2765 “ῶ
472 2709 606 2783 βασιλεῦ,
621 2705 657 2769 ῶς
676 2706 750 2766 πολῦ
772 2706 906 2782 ἀλλήλων

109 2795 300 2872 κεχωρισμένα
320 2791 444 2874 ἐργάσαο
465 2799 513 2853 νῦν
534 2820 565 2852 τε
583 2793 630 2852 καὶ
645 2793 731 2874 ὀλίγῳ
751 2794 904 2871 πρότερον;

107 2882 266 2959 μακαρίσας
285 2880 340 2962 γάρ
361 2881 483 2940 σεωυτδν
499 2880 649 2957 δακρύεις·”
670 2881 729 2942 6δέ
742 2882 810 2940 εἶπε·
832 2893 849 2917 “
859 2887 905 2940 ἐσ-

107 2969 179 3043 ῆλθε
198 2969 253 3050 γάρ
274 2996 310 3047 με
329 2969 518 3050 λογισάμενον
539 2973 723 3046 κατοικτεῖραι
743 2968 779 3030 ῶς
800 2967 913 3041 βρακρλς

107 3056 149 3130 εἴη
170 3055 191 3115 ά
211 3061 266 3121 πῶς
293 3056 470 3137 άνθρῶπινος
497 3058 573 3136 βίος,
596 3062 622 3119 εἰ
643 3055 753 3117 τούτων
773 3076 814 3130 γε
829 3050 959 3142 ἐὐυκγυικ

95 3143 241 3206 τοσούτων
260 3147 356 3214 οὐδεὶς
372 3155 400 3216 ἐς
414 3148 582 3212 ἑκατοστὸν
604 3148 673 3209 ’ἐτος
692 3129 869 3216 mam?
884 3143 889 3151 ¹
902 3122 972 3177 ὼ

85 3226 229 3360 ῇῗίῑξῗθ
240 3238 354 3314 λέγων·
379 3253 397 3280 “
408 3242 503 3324 ἔτερα
517 3239 635 3309 τούτου
650 3230 743 3308 παρὰ
763 3222 820 3295 τὴν
844 3212 921 3280 Um
943 3221 993 3251 W
