2024 3450
132 118 180 166 σοι
449 112 629 162 ·ιιι>οιουου
872 114 939 179 [1x.

131 194 189 270 ἅμα
203 193 232 251 δέ
245 196 382 269 πυρσοῖσι
396 191 441 250 διὰ
455 191 547 266 νήσων
558 190 648 250 ε’δόκεε
660 189 784 267 βασιλέϊ
796 189 940 269 δηλιίισειν

133 280 205 339 ε’όντι
226 286 254 339 ε’ν
275 279 401 355 Σάρδισι,
422 279 466 338 ὅτι
486 280 545 357 έχοι
565 277 694 353 Ἀθήνας.
736 279 767 342 ὃς
788 279 853 339 οὐδὲ
873 283 940 342 τότε

132 366 297 442 ἀπικόμενος
325 366 423 442 ε’ςτήν
442 365 572 441 Ἀττικήν
593 363 654 442 εὗρε
676 365 741 430 τούς
760 365 938 443 Ἀθηναίους,

132 454 197 512 ἀλλ’
219 455 247 514 ἔν
274 481 304 515 τε
332 456 472 530 Σαλαμῖνι
498 453 562 516 τοῦς
588 454 740 516 πλείστους
767 456 939 517 ἐπυνθάνετο

134 542 210 611 εἶναι,
229 544 256 602 έν
274 569 305 601 τε
322 545 390 620 τῇσι
410 541 501 616 νηυσί·
522 541 606 616 αἱρέει
626 567 657 599 τε
678 545 783 617 ε’ρῆμον
800 542 835 602 τό
854 542 938 604 ἄστυ.

133 630 194 706 ἡδὲ
208 631 347 706 βασιλέος
360 629 467 706 αἵρεσις
480 634 507 691 ἐς
523 628 574 703 τὴν
589 628 738 704 ὑστεραίην
755 628 808 705 τήν
822 631 938 707 Μαρδο-

133 720 192 777 νίου
206 717 405 795 ἐπιστρατηίην
419 716 570 792 δεκάμηνος
583 717 701 795 ε’γένετο.

106 809 125 865 4
173 805 252 864 Ἐπεὶ
266 806 295 864 δὲ
310 811 338 863 ἔν
350 802 487 882 Ἀθήνῃσι
503 805 610 883 ἐγένετο
622 803 637 861 ὁ
648 804 817 880 Μαρδόνιος,
832 807 938 884 πέμπει

134 899 161 955 ές
192 896 338 967 Σαλαμῖνα
368 891 548 968 Μουρυχίδην
583 889 668 967 ἄνδρα
698 890 936 968 Ἑλλησπόντιον,

134 980 255 1054 φέροντα
268 980 332 1039 τούς
345 978 444 1039 αὐτοῦς
461 977 564 1058 λόγους
582 978 645 1041 τοιλς
661 978 708 1036 καὶ
720 978 907 1057 Ἀλέξανδρος
920 981 936 1040 ά

134 1066 268 1124 Μακεδὼν
295 1069 371 1123 τοῖσι
393 1064 569 1139 Ἀθηναίοισι
593 1064 805 1142 διεπόρθμευσε.
846 1073 936 1127 ταῦτα

132 1153 163 1214 δὲ
181 1154 212 1214 τό
234 1153 359 1229 δεύτερον
380 1152 547 1226 ἀπέστελλε,
563 1154 687 1232 προέχων
703 1157 755 1230 μὲν
775 1159 831 1214 τῶν
850 1153 935 1232 Ἀθη

135 1243 216 1302 ναίων
230 1241 262 1324 οὐΙ
277 1241 375 1317 φιλίας
387 1239 506 1320 γνώμας,
522 1242 640 1311 ἐλπίζων
655 1241 686 1301 δέ
703 1248 797 1317 σφεας
813 1242 935 1318 θπήσειν

131 1334 182 1407 τῆς
198 1329 403 1412 α’γνωμοσάνης,
420 1328 455 1391 ὦς
473 1328 643 1405 δοριαλώτου
661 1329 761 1404 ἐούσης
776 1329 872 1405 πάσης
885 1336 934 1406 τῆς

131 1417 261 1494 Ἀττικῆς
280 1417 372 1497 χώρης
391 1417 436 1476 καὶ
457 1417 557 1492 ἐούσης
576 1416 630 1493 ἤδη
649 1415 694 1475 ὐπ’
712 1420 810 1496 ἑωυτῷ·
830 1416 933 1478 τούτων

132 1508 183 1582 μέν
215 1506 304 1566 εἵνεκα
334 1503 482 1582 ἀπέπεμψε
509 1504 689 1582 Μουρυχίδην
719 1508 746 1567 ές
773 1506 932 1581 Σαλαμῖνα.

105 1594 166 1653 5Ὀ
186 1595 222 1666 δὲ,
241 1594 405 1671 ἀπικόμενος
427 1594 473 1652 ε’πὶ
489 1592 540 1668 τήν
561 1592 680 1668 βουλήν,
704 1593 783 1672 έλεγε
800 1592 836 1652 τά
855 1596 932 1671 παρὰ

132 1682 301 1758 Μαρδονίου·
326 1684 380 1740 τῶν
401 1681 430 1739 δὲ
449 1682 624 1757 βουλευτέων
644 1680 764 1756 Λυκίδης
784 1679 844 1739 εἶπε
863 1682 932 1762 γνιό

131 1795 195 1845 μην,
208 1768 243 1829 ὥς
257 1771 282 1826 οί
297 1766 387 1826 ε’δόκεε
400 1766 512 1844 άμεινον
523 1767 591 1827 εἶναι
606 1768 768 1843 δεξαμένους
781 1767 830 1828 τόν
843 1769 933 1850 λόγον

131 1854 180 1914 τόν
210 1861 266 1930 σφι
293 1856 471 1932 Μουρυχίδης
500 1857 645 1932 προφέρει,
672 1856 802 1924 ἐξενεῖκαι
830 1861 857 1918 ές
883 1857 932 1918 τόν

131 1942 229 2020 δῆμον·
251 1941 267 2004 ὅ
282 1945 334 2020 μὲν
353 1943 386 2018 δή
403 1943 505 2019 ταύτην
517 1944 569 2019 τήν
587 1943 699 2024 γνώμην
713 1943 893 2019 α’πεφαίνετο,
908 1946 933 2004 εἶ

129 2059 161 2092 τε
177 2033 210 2109 δή
228 2033 388 2113 δεδεγμένος
405 2031 536 2111 χρήματα
556 2031 631 2108 παρὰ
644 2031 804 2140 Μαρδονίου
820 2033 845 2090 εἴ
860 2057 892 2091 τε
906 2035 932 2092 οἱ

131 2123 177 2180 καὶ
189 2127 276 2182 ταῦτα
291 2121 410 2180 ἑάνδανε·
430 2119 575 2196 Ἀθηναῖοι
592 2117 673 2178 δὲ’
638 2119 737 2178 αυτίκα
750 2118 838 2178 δεινον
851 2145 933 2226 ποιη·

131 2209 255 2283 σάμενοι,
282 2209 311 2265 οἵ
332 2235 362 2267 τε
387 2212 416 2264 ἐκ
439 2212 489 2281 τῆς
512 2209 622 2283 βουλῆς
644 2206 691 2266 καὶ
714 2233 740 2265 οι
764 2207 933 2275 ἔξωθεν,ὦς

130 2295 273 2362 ἐπίθοντο,
288 2294 468 2369 περιστάντες
480 2297 602 2355 Λυκίδεα
620 2297 791 2354 κατέλευσαν
803 2294 933 2370 βάλλον-

129 2409 181 2450 τες,
200 2381 249 2439 τόν
271 2381 300 2438 δὲ
320 2381 546 2456 Ἑλλησπόντιον
564 2383 743 2460 Μουρυχίδεα
761 2381 933 2461 ἀπέπεμψαν

130 2468 236 2527 α’σινέα·
258 2468 406 2546 γενομένου
422 2469 451 2526 δὲ
469 2470 592 2546 θορύβου
607 2477 635 2530 ε’ν
653 2475 688 2548 τῇ
708 2472 849 2546 Σαλαμῖνι
867 2473 933 2547 περὶ

128 2556 177 2615 τόν
197 2555 324 2624 Λυκίδεα,
341 2555 526 2616 πυνθάνονται
544 2558 576 2618 τὸ
587 2558 740 2639 γινόμενον
758 2561 787 2616 αἱ
804 2562 933 2638 γυναῖκες

128 2646 183 2702 τῶν
196 2641 358 2717 Ἀθηναίων·
380 2644 615 2722 διακελευσαμένη
628 2646 740 2728 δὲγυνή
753 2646 870 2728 γυναικὶ,
885 2647 933 2705 καὶ

128 2732 347 2806 παραλαβοῦσα,
366 2732 411 2789 ε’πὶ
429 2732 480 2807 τήν
496 2735 619 2793 Λυκιδεω
638 2735 727 2810 οἰκίην
745 2733 831 2810 ἤϊσαν
849 2733 932 2792 αὖτο-

129 2820 229 2889 κελέες,
255 2819 300 2877 καὶ
324 2818 394 2877 κατά
417 2823 469 2896 μὲν
493 2823 611 2882 ἔλευσαν
633 2822 718 2883 αὐτοῦ
737 2821 789 2898 τήν
811 2823 932 2901 γυναῖκα
961 2836 964 2842 “

129 2908 199 2968 κατά
231 2907 290 2968 ὲτά
304 2908 394 2967 τέκνα.

101 2999 118 3056 6
169 2996 215 3060 Ἐς
229 2996 321 3071 δὲτὴν
342 2997 489 3075 Σαλαμῖνα
507 2999 645 3110 διέβησαν
664 3001 691 3057 οἱ
703 2997 847 3074 Ἀθηναῖοι
866 2995 931 3058 ὦδε·

124 3085 174 3148 ἕως
196 3088 253 3162 μὲν
274 3086 532 3198 προσεδέκοντρ
500 3113 550 3148 τον
577 3092 607 3145 ἐκ
633 3089 682 3160 τῆς
705 3083 931 3159 Πελοποννήσου

109 3175 243 3250 στρατον
255 3175 336 3254 ήξειν
353 3173 560 3293 τιμωρήσοντά
577 3175 680 3250 σφι,
658 3197 687 3231 οι
699 3172 734 3228 δε
746 3173 869 3244 έμενον
861 3193 889 3224 ευ
902 3195 944 3243 η,

99 3256 266 3346 Ἀττικῇ·’
249 3270 318 3330 επεὶ
331 3269 366 3330 δὲ
381 3271 410 3330 οἱ
424 3293 482 3348 μεν
494 3259 663 3347 μακρότερά
673 3283 707 3319 τε
721 3279 769 3313 και
751 3250 964 3326 oxffluffi
