2024 3450
129 99 175 148 τοι
434 98 616 146 Ἥνοιοτου
849 95 928 160 [vu.

128 183 227 252 σφεας,
254 183 337 236 τοῦτο
364 176 595 253 προεφυλάξαντο
622 179 649 235 οἱ
675 177 789 239 Φωκέες·
824 176 871 234 καὶ
893 178 928 237 τὰ

127 264 198 341 ὕδωρ
219 264 251 324 τά
273 263 375 340 θερμδν
391 264 454 324 τότε
474 269 579 340 ἐπῆκαν
598 264 643 323 ἐπὶ
660 264 712 339 τήν
725 263 831 333 ἔσοδον,
847 263 882 328 ιῦς
895 263 931 324 ἂν

128 351 318 429 χαραδρωθείη
339 351 355 412 ὁ
375 356 474 430 χῶρος·
495 356 551 413 πᾶν
571 351 779 431 μηχανειίμενοι
799 351 868 415 ὅκως
887 354 931 430 μή

130 446 185 514 σφι
199 439 351 515 ἐσβάλοιεν
366 444 392 500 οἱ
402 440 549 500 Θεσσαλοὶ
563 441 609 500 ἐπὶ
622 440 674 515 τήν
687 439 789 517 χώρην·
830 439 863 499 τά
876 441 932 518 μέν

129 552 177 586 νυν
192 531 285 606 τεῖχος
301 527 335 587 τά
351 527 468 606 άρχαῖον
484 532 514 587 ἐκ
534 531 657 587 παλαιοῦ
676 553 707 587 τε
728 527 869 604 ἐδέδμητο,
883 529 932 588 καὶ

129 614 162 674 τῦ
182 615 271 676 πλέον
291 614 376 675 αὐτοῦ
388 613 448 692 ’ήδη
472 614 527 676 ῦπδ
547 615 650 694 χρόνου
671 616 766 674 ἔκειτο·
794 617 870 674 τοῖσι
892 615 931 689 δέ,

130 702 207 767 αὖτις
233 701 389 779 ο’ρθω’σασι,
411 703 487 772 ἔδοξε
512 703 599 782 ταύτῃ
626 701 780 779 ἀπαμύνειν
803 700 859 761 άπά
879 707 933 779 τῆς

129 790 269 855 Ἑλλάδος
288 791 337 850 τάν
356 790 516 868 βάρβαρον.
558 791 636 868 κώμη
657 789 688 849 δέ
707 793 768 849 ε’στι
784 788 932 869 άγχοτάτω

131 883 181 954 τῆς
194 879 268 950 ὁδοῦ,
281 877 419 954 Ἀλπηνοὶ
438 878 551 955 οὕνομα·
573 883 603 938 ἐκ
620 877 721 953 ταύτης
742 877 771 936 δέ
788 882 932 938 ε’πισιτιεῖ-

132 968 202 1025 σθαι
216 965 374 1045 ἐλογίζοντο
388 968 414 1024 οἱ
421 964 570 1040 Ἕλληνες.

86 1053 143 1113 177
188 1056 223 1111 Οἱ
236 1054 289 1128 μέν
301 1078 348 1112 νυν
358 1056 444 1131 χῶροι
458 1049 534 1126 οὗτοι
547 1056 623 1113 τοῖσι
631 1052 759 1129 Ἕλλησι
773 1053 841 1112 εἶναι
851 1055 933 1124 ἐφαί-

132 1165 212 1198 νοντο
240 1139 385 1215 ἐπιτήδεοι·
414 1138 522 1198 ἅπαντα
547 1139 601 1221 γάρ
628 1140 862 1219 προσκεψάμενοι,
885 1143 933 1200 καὶ

133 1227 357 1309 ἐπιλογισθέντες
378 1225 420 1287 ὅτι
438 1226 501 1286 οῦτε
521 1227 624 1304 πλήθει
645 1229 739 1298 ἐξουσι
758 1229 883 1308 χρᾶσθαι
906 1233 933 1288 οἱ

132 1313 278 1392 βάρβαροι
294 1312 357 1375 οῦτε
375 1314 457 1394 ἵππῳ,
474 1314 561 1395 ταύτῃ
577 1322 633 1392 σφι
649 1316 723 1385 ἔδοξε
739 1316 868 1376 δέκεσθαι
881 1316 933 1377 τάν

133 1402 246 1464 ἐπιόντα
262 1402 308 1463 ε’πὶ
323 1402 375 1479 τήν
386 1402 522 1462 Ἑλλάδα·
551 1402 586 1468 οἷς
601 1404 631 1463 δὲ
647 1403 780 1464 ἐπύθοντο
796 1402 844 1463 τὸν
858 1406 931 1482 Πέρ

132 1516 188 1567 σην
209 1489 289 1551 ἐόντα
310 1496 338 1551 ἐν
360 1492 469 1570 Πιερίῃ,
486 1491 659 1554 διαλυθέντες
680 1497 711 1550 ἐκ
732 1495 782 1551 τοῦ
803 1492 931 1568 Ἰσθμοῦ,

135 1576 333 1656 ἐστρατεύοντο
357 1578 446 1641 αῦτιῦν
470 1583 497 1639 οἱ
518 1583 570 1656 μὲν
594 1585 621 1642 ἐς
641 1578 825 1656 Θερμοπύλας
852 1580 930 1658 πεζῇ,

133 1665 218 1727 ἄλλοι
232 1667 261 1737 δὲ
274 1694 343 1727 κατα
358 1668 510 1728 θάλασσαν
525 1667 567 1727 ἐπ’
580 1667 768 1743 Ἀρτεμίσιον.

87 1755 145 1815 178
188 1758 224 1814 Οἳ
243 1758 295 1831 μὲν
315 1754 348 1831 δή
364 1755 503 1830 Ἕλληνες
523 1755 594 1815 κατά
612 1754 698 1833 τάχος
719 1752 854 1830 ἐβοήθεον
876 1751 934 1812 δια-

133 1843 290 1920 ταχθέντες.
332 1843 444 1920 Δελφοὶ
458 1844 480 1903 δ’
495 1849 523 1903 ἐν
535 1843 622 1923 τούτῳ
640 1846 679 1920 τῷ
690 1841 781 1922 χρόνῳ
795 1847 933 1922 ἐχρηστη-

132 1930 260 2005 ριάζοντο
284 1934 322 2012 τῷ
345 1932 405 2011 θεῷ,
429 1931 498 2009 ῦπὲρ
526 1935 630 1992 ἐωυτιῦν
653 1931 700 1989 καὶ
721 1935 771 2006 τῆς
792 1929 934 1994 Ἑλλάδος

122 2020 380 2098 Ικαταρρωδηκότες·
408 2021 457 2080 καί
478 2027 534 2098 σφι
557 2019 683 2099 ἐχρήσθη
707 2017 834 2095 α’νέμοισι
857 2017 933 2097 εὔχε-

133 2109 212 2168 σθαι·
241 2109 381 2191 μεγάλους
403 2108 460 2190 γάρ
480 2107 594 2170 τούτους
616 2107 733 2167 ἔσεσθαι
756 2108 792 2184 τῇ
813 2104 935 2165 Ἑλλάδι

134 2197 308 2276 συμμάχους.
351 2198 462 2272 Δελφοὶ
495 2197 525 2255 δὲ
559 2194 701 2273 δεξάμενοι
729 2191 762 2253 τῦ
788 2192 933 2268 μαντήϊον,

59 2342 62 2347 ,
134 2289 230 2359 πρῶτα
243 2286 301 2360 μὲν,
314 2283 458 2359 Ἑλλήνων
471 2287 547 2344 τοῖσι
556 2283 760 2360 βουλομένοισι
775 2281 844 2340 εἶναι
857 2284 935 2341 ἐλευ-

135 2370 242 2447 θέροισι
255 2370 419 2452 ἐξήγγειλαν
431 2369 467 2429 τά
480 2371 641 2449 χρησθέντα
655 2369 775 2429 αῦτοῖσι·
817 2368 865 2425 καί
876 2376 935 2444 σφι

135 2456 227 2519 δεινῶς
244 2456 465 2535 καταρρωδέουσι
482 2457 531 2517 τόν
545 2456 698 2534 βάρβαρον
714 2457 934 2537 ἐξαγγείλαντες,

75 2605 81 2624 ,Ι
133 2544 216 2622 χάριν
226 2542 363 2604 άθάνατον
376 2545 531 2605 κατέθεντο·
552 2545 623 2622 μετά
637 2545 666 2604 δὲ
676 2548 771 2617 ταῦτα,
785 2545 811 2602 οἱ
821 2545 935 2617 Δελφοὶ

133 2635 210 2690 τοῖσι
231 2631 360 2708 ἀνέμοισι
380 2631 479 2709 βωμόν
496 2658 528 2692 τε
547 2630 682 2702 ἀπέδεξαν
701 2637 730 2692 ἐν
746 2631 824 2709 Θυίῃ,
844 2634 935 2707 τῇπερ

134 2722 184 2793 τῆς
202 2724 338 2796 Κηφισοῦ
356 2718 492 2800 θυγατρῦς
509 2721 594 2795 Θυίης
611 2718 644 2778 τά
665 2717 778 2797 τέμενός
799 2722 869 2787 ἐστι,
892 2716 934 2777 ἐπΙ

132 2802 167 2882 ἧς
185 2806 232 2865 καὶ
249 2806 265 2866 ὁ
285 2811 375 2886 χῶρος
393 2803 473 2870 οὗτος
490 2806 541 2882 τήν
561 2806 715 2883 ἐπωνυμίην
736 2808 801 2885 ἔχει·
823 2805 870 2862 καὶ
889 2807 935 2866 θυ-

134 2894 220 2972 σίῃσί
240 2901 332 2972 σφεας
350 2892 497 2977 μετήῖσαν.
539 2894 651 2968 Δελφοὶ
674 2893 781 2971 μὲνδὴ
807 2891 878 2953 κατοὶ
901 2893 936 2954 τά

134 2982 307 3063 χρηστήριον
320 2973 360 3043 ἔτι
373 2982 419 3040 καὶ
432 2985 481 3042 νῦν
492 2980 557 3044 τοῦς
571 2978 686 3058 άνέμους
700 2980 875 3042 ἱλάσκονται.

89 3072 144 3132 179
187 3070 221 3132 ‘0
241 3071 271 3132 δὲ
286 3069 412 3134 ναυτικάς
429 3069 538 3148 Ξέρξεω
556 3070 686 3148 στρατδς,
707 3068 885 3149 ὄρμειίμενος
907 3076 939 3133 ἐκ

126 3162 241 3238 Θήομης
253 3160 364 3233 πόλιος,
378 3161 529 3241 παρέβαλε
541 3161 626 3240 νηυσὶ
637 3164 706 3240 τῇσι
717 3159 821 3238 ἄριστα
833 3160 939 3221 πλεού-

112 3272 190 3324 σῃσι
205 3251 277 3312 δέκα
292 3253 338 3316 ι’θῦ
350 3253 488 3323 Σκιάθου·
513 3254 582 3317 ἔνθα
594 3251 671 3331 ἦσαν
685 3246 954 3328 προφυλάασυυςαι
