2024 3450
140 119 170 164 τι
452 109 637 156 Ἥυοιουου
656 88 663 99 ’
878 107 939 171 [VI.

135 191 237 270 μάχων
258 186 473 266 μεμουνωμένοι,
495 186 692 250 διεκπλῶοντες
716 187 895 266 ἐναυμάχεον,
915 194 943 254 ε’ς·

140 277 156 339 6
168 282 223 351 τῶν
236 278 378 353 πολεμίων
396 274 506 338 ἑλόντες
519 273 582 337 νέας
596 275 701 351 συχνὰς
714 272 864 349 ἀπέβαλον
884 279 941 338 τῶν

140 364 286 442 σφετέρων
296 368 363 424 νεῶν
373 363 424 427 τὰς
436 367 567 425 πλεῦνας.
610 365 676 421 Χῖοι
689 363 741 438 μὲν
754 361 788 436 δη
801 367 870 439 τῇσι
883 367 943 423 λοι-

94 454 129 512 16
139 456 213 530 πῇσι
225 455 279 512 τῶν
292 455 359 511 νεῶν
370 449 566 532 ἀποφεύγουσι
579 453 607 513 ές
616 448 669 524 τήν
679 452 795 508 ἑωυτῶν.
823 448 943 520 ‘onom
1000 508 1003 519 4

143 539 173 598 δὲ
189 544 245 613 τῶν
258 540 334 598 Χίων
353 536 483 607 ἀδύνατοι
501 536 576 613 ἦσαν
591 540 620 595 αἶ
633 535 691 598 νέες
708 535 763 595 ὑπό
784 538 942 620 τρωμάτων,

140 624 218 686 οὗτοι
239 629 283 697 δὲ,
300 625 336 690 ῶς
358 624 510 694 ἐδιώκοντο,
531 621 779 731 καταφυγγάνουσι
799 622 871 700 πρός
892 626 942 701 τὴν

141 706 290 790 Μυκάλην.
332 715 394 777 νέας
414 716 465 789 μὲν
486 711 576 788 δη’
541 716 626 772 αυτοῦ
646 710 734 789 ταύτῃ
751 713 943 776 ἐποκείλαντες

81 839 85 847 ·
140 803 346 874 κατέλιπον,
321 829 347 861 οι
368 801 398 859 δὲ
418 801 488 878 πεζῇ
507 800 666 876 ἐκομίζοντο
685 796 730 857 διαὶ
750 797 835 874 τῆς’
816 801 941 877 ηπείρου.

142 894 202 947 ε’πει
192 889 250 948 δε
273 890 451 963 ε’σέβαλον’
438 914 466 949 ες
487 913 539 961 την
558 887 696 962 Ἐφεσίην
720 886 941 963 κομιζόμενοι
916 914 943 946 οι

140 979 215 1048 Χῖοι,
231 975 328 1038 νυκτός
346 1001 378 1034 τε
398 974 530 1032 ἀπικέατο
553 978 579 1036 ἐς
600 973 746 1049 αὐτὴν
701 999 748 1032 και
760 973 862 1043 εὀντων
873 979 943 1054 τῇσι

139 1061 249 1140 γυναιξὶ
271 1060 368 1132 αὐτόθι
390 1061 596 1174 θεσμοφορίων·
619 1062 743 1148 ε’νθαῦτα
758 1060 839 1136 δὴ
814 1087 841 1120 οι
859 1060 945 1136 Ἐφέ·

141 1172 207 1221 σιοι,
223 1147 286 1208 οὔτε
299 1147 505 1258 προακηκοότες
519 1147 554 1211 ῶς
568 1148 626 1226 ειχε
639 1149 704 1224 περὶ
716 1151 771 1207 τῶν
783 1150 859 1208 Χίων
873 1149 940 1209 ἰδόν-

111 1303 113 1308 ,
132 1253 186 1297 ’τες
199 1261 230 1294 τε
251 1236 374 1313 στρατόν
394 1239 422 1297 ε’ς
441 1234 494 1311 τήν
513 1261 606 1313 χωρην
620 1235 887 1312 ἐσβεβληκότα,’
847 1263 942 1346 παγχυ

141 1323 233 1397 σφέας
255 1323 454 1392 καταδόξαντες
475 1322 544 1381 εἶναι
565 1326 678 1387 κλῶπας
693 1324 738 1381 καὶ
753 1323 879 1382 ἰέναι’
836 1349 880 1382 επι
893 1325 942 1387 τὰς

139 1414 280 1488 γυναῖκας,
305 1408 472 1486 ἐξεβοήθεον
499 1410 637 1486 πανδημεὶ
664 1409 709 1468 καὶ
734 1409 852 1469 ἔκτεινον
877 1410 942 1475 τοδς

123 1489 247 1571 ΙΧίρυς.ι
307 1543 313 1563 :
335 1544 339 1567 ;
861 1511 864 1516 ’

94 1583 130 1644 17
155 1639 157 1644 .
183 1585 270 1647 Οὗτοι
295 1586 348 1663 μέν
374 1611 422 1646 νυν
448 1583 596 1664 τοιαύτῃσι
622 1587 803 1662 περιέπιπτον
829 1583 946 1662 τύχῃσι..

141 1673 290 1737 Διονύσιος
312 1674 341 1732 δὲ
357 1673 373 1732 6
393 1673 520 1744 Φωκαεῶς
542 1673 648 1732 ε’πείτε
670 1673 755 1747 έμαθε
774 1676 829 1729 τῶν
844 1670 949 1731 Ἰῶνων-

139 1759 174 1818 τοὶ
200 1760 354 1839 πρήγματα
381 1759 633 1836 διεφθαρμένα,
603 1785 665 1820 νεας
692 1758 763 1817 ελῶν
788 1760 862 1833 τρεῖς
887 1762 943 1818 τῶν

141 1847 284 1948 πολεμίων
299 1844 459 1912 οἷπέπλεε,’
447 1872 474 1906 ες
487 1849 551 1921 μὲν
552 1844 680 1903 Φώκαιαν
701 1844 801 1913 οὐκέτι,
817 1871 858 1904 ευ
831 1844 943 1910 ἐἱδῶς

140 1957 176 1999 ως
197 1930 477 2006 ῶνδραπρδιεῖται
441 1956 494 1989 συν
516 1933 557 2006 τῇ
575 1929 651 2005 αλλῃ
668 1929 766 2007 Ἰωνίῃ
788 1958 804 1990 ο
797 1931 852 1990 δὲ
866 1933 943 1997 ἰθέως

142 2015 177 2088 ῶς
190 2017 248 2096 εἶχε
262 2017 375 2081 έπλωε’
362 2042 390 2079 ες
403 2017 542 2089 Φοινίκην
556 2014 677 2095 γαύλους
688 2016 717 2074 δὲ
729 2017 847 2075 ἐνθαῦτα
860 2045 943 2080 κατα·

59 2148 65 2156 .
141 2102 226 2168 δύσας
248 2105 293 2165 καὶ
309 2101 441 2182 χρήματα
454 2102 563 2176 »λοβῶν
582 2100 688 2176 πολλα,
708 2104 798 2162 ἔπλωε
819 2108 846 2167 ές
864 2108 952 2171 Em..

141 2193 214 2266 λίην·
237 2191 411 2268 όρμεῶμενος
431 2189 459 2247 δὲ
481 2189 615 2250 ἐνθεῦτεν
627 2190 747 2267 ληΐστης
766 2193 942 2269 κατεστήκεε,

139 2276 283 2352 Ἑλλήνων
303 2280 354 2352 μὲν
376 2275 493 2344 οὐδενός,
508 2278 707 2356 Καρχηδονίων
723 2281 752 2338 δὲ
774 2281 819 2337 καὶ
833 2287 942 2357 Τυρση-

140 2366 203 2422 νῶν.
624 2424 627 2430 ,

93 2452 132 2510 18
161 2493 164 2499 .
184 2452 220 2506 Οἱ
239 2449 268 2507 δὲ
285 2449 432 2526 Πέρσαι’
419 2451 481 2509 επεί
499 2476 530 2511 τε
550 2477 586 2529 τῃ
607 2454 745 2530 ναυμαχίῃ
767 2455 860 2513 ἐνίκων
877 2457 941 2520 τούς

134 2534 288 2606 Ἴωνας,
254 2562 306 2611 την
323 2537 454 2613 Μίλητον
474 2540 717 2617 πολιορκέοντες’
705 2566 735 2599 εκ
752 2567 806 2654 γης
827 2568 872 2601 και
862 2543 940 2603 θα-

140 2621 262 2696 λοίσσης,
279 2624 325 2682 καὶ
346 2624 555 2702 ὑπορύσσοντες
575 2627 611 2687 τό
627 2633 721 2707 τείχεα
742 2630 787 2688 καὶ
808 2632 942 2695 παντοίας

139 2709 266 2785 μηχανὰς
288 2713 506 2788 προσφέροντες,
530 2715 655 2790 αἱρέουσι
678 2715 735 2774 κατ’
756 2714 850 2794 ἄκρης,
873 2718 942 2797 ἔκτω

140 2794 238 2854 έτεϊ’
221 2797 277 2856 από
305 2798 399 2873 τῆς’
382 2800 559 2862 αποστόσιος
579 2806 629 2875 τῆς
649 2802 871 2912 Ἀρισταγόρεω·
895 2806 942 2864 καὶ

139 2881 427 2961 ἠνδραποδίσαντο
392 2912 444 2961 την
457 2886 583 2947 πόλιν
563 2913 635 2947 ωστε
654 2891 824 2965 συμπεσέειν
839 2891 872 2951 τό
888 2892 941 2950 πό-

94 2971 131 3030 19
141 2971 239 3034 θος
201 2981 239 3051 τῶ
252 2974 413 3082 χρηστηρίω
426 2976 464 3032 τῶ
479 2979 506 3037 ε’ς
520 2976 651 3052 Μίλητον
659 2978 806 3056 γενομένῳ.
848 2985 940 3055 Χρεω-

128 3084 247 3132 μενοισι
269 3060 324 3141 γᾶρ
338 3060 528 3142 Ἀργείοισι’
515 3089 544 3121 εν
558 3067 703 3135 Δελφοῖσι
723 3065 786 3139 περὶ
803 3068 940 3141 σωτηρίης

64 3224 68 3229 Ι
116 3147 171 3216 ⁷7⁸5
193 3147 301 3212 πολιος
323 3152 378 3226 τῆς
391 3150 557 3264 σφετέρης,
575 3150 737 3258 έχρησθη’
728 3175 865 3208 επικοινον
884 3175 953 3223 χρη-

100 3247 241 3302 Ἥρων·
256 3235 298 3298 τό
305 3263 369 3316 μεν
384 3243 413 3303 ε’ς
428 3236 540 3303 αὐτοὺς
554 3241 624 3302 τούς
635 3237 791 3315 λργεὶους
805 3234 906 3304 ᾠέυῡν
918 3231 971 3298 τὴν
