2024 3450
145 97 190 141 τοι
445 90 627 139 Ἤτοιοτοτ
864 92 948 156 [vu

145 175 301 249 Μέρβαλος
317 171 476 254 Ἀγβάλου,
495 169 541 228 καὶ
559 169 649 240 Κίλιξ
667 173 813 237 Συέννεσις
827 171 950 250 Ὠρομέ-

141 259 244 329 δοντος,
260 262 306 319 καὶ
320 262 424 324 Λύκιος
441 258 638 336 Κυβερνίσκος
652 261 731 323 Σίκα·
753 261 799 319 καὶ
812 259 950 338 Κύπριοι,

140 347 247 429 Γόργος
259 364 298 409 ’τε
317 350 333 410 ὁ
354 351 486 426 Χέρσιος,
511 348 557 406 καὶ
577 350 708 423 Τιμῶναξ
731 349 748 408 ὁ
770 349 948 429 Τιμαγόρεω·

139 435 186 493 καὶ
212 442 315 514 Καρῶν
338 436 470 499 Ἱστιαῖός
490 462 522 495 τε
544 435 561 494 ὁ
588 435 703 511 Τύμνεω
726 438 773 495 καὶ
794 436 905 515 Πίγρης
928 463 946 496 ο

92 525 130 583 99
141 526 292 604 Σελδώμου
315 529 361 587 καὶ
384 526 590 602 Δαμασίθυμος
617 522 634 582 ὁ
660 524 839 583 Κανδαύλεω.
882 531 950 588 Τῶν

137 613 190 688 μέν
216 640 264 675 νυν
285 616 381 676 ἄλλων
405 612 438 674 ού
460 613 680 697 παραμέμνημαι
703 612 883 691 ταξιαρχέων,
908 614 949 679 ῶς

141 700 191 761 ούκ
212 701 443 784 ἀναγκαζόμενος·
469 700 649 776 Ἀρτεμισίης
673 699 712 770 δὲ,
735 698 786 775 τῆς
811 698 946 776 μάλιστα

139 790 219 868 θῶμα
239 797 370 868 ποιεῦμαι
391 791 436 850 έπὶ
459 787 511 864 την
533 788 668 846 Ἑλλάδα·
685 791 945 867 στρατευσαμένης,

136 879 275 957 γυναικός·
307 879 375 955 ἥτις,
398 876 587 939 ἀποθανόντος
608 880 659 958 τοῦ
683 875 792 953 άνδρδς,
816 876 887 954 αῦτή
910 907 945 940 τε

137 965 242 1042 ἔχουσα
252 966 304 1041 τήν
316 967 463 1044 τυραννίδα
473 964 520 1023 καὶ
529 963 628 1026 παιδδς
636 963 811 1047 ὑπάρχοντος
818 969 943 1041 νεηνίεω,

137 1051 194 1110 ῦπὸ
210 1053 337 1129 λήματός
352 1081 383 1113 τε
400 1055 446 1112 καὶ
459 1052 589 1133 ἀνδρηίης
605 1053 797 1134 ἐστρατεύετο,
810 1052 944 1132 ούδεμιῆς

138 1140 239 1216 εὀύσης
252 1144 278 1200 οἱ
292 1141 452 1223 άναγκαίης.
487 1140 592 1216 οὕνομα
604 1131 833 1229 μένδῆᾗν-ἀύτῇ
844 1141 942 1220 Ἀρτε-

136 1229 228 1306 μισίη,
242 1228 367 1310 θυγάτηρ
383 1228 412 1288 δὲ
431 1227 466 1305 ἦν
481 1228 650 1309 Λυγδάμιος·
671 1231 753 1309 γένος
770 1231 800 1289 δὲ
815 1230 847 1300 ἐξ
861 1229 942 1291 Ἀλι-

137 1322 299 1395 καρνησσοῦ
311 1318 347 1378 τοὶ
361 1316 432 1396 πρδς
441 1316 555 1395 πατρδς,
566 1317 602 1377 τά
611 1318 751 1394 μητρόθεν
761 1319 791 1377 δὲ
801 1311 940 1395 Κρῆσσα.

135 1405 286 1485 ἡγεμόνευε
317 1408 346 1467 δὲ
372 1407 618 1486 Ἁλικαρνησσέων
644 1433 675 1466 τε
703 1407 748 1465 καὶ
778 1405 864 1485 Κῴων
892 1411 941 1468 καὶ

135 1497 278 1573 Νισυρίων
291 1523 323 1556 τε
336 1497 384 1556 καὶ
393 1496 571 1573 Καλυμνίων,
582 1495 664 1555 πέντε
676 1496 738 1558 νέας
748 1486 938 1574 παρεχομένη·

135 1583 181 1640 καὶ
194 1585 361 1662 συναπάσης
373 1589 424 1661 τῆς
437 1589 580 1662 στρατιῆς,
594 1583 666 1661 μετά
678 1609 711 1664 γε
724 1575 775 1646 τάς
784 1583 938 1656 ““Σιδωνι’ων,

113 1715 116 1718 -
135 1673 197 1735 νέας
219 1672 399 1744 εὐδοξοτάτας
420 1675 580 1753 παρείχετο,
602 1672 711 1731 πάντων
734 1675 841 1754 τερτῶν
865 1699 937 1749 συμ-

133 1757 230 1837 μάχων
250 1761 361 1840 γνώμας
382 1761 499 1839 ἀρίστας
513 1760 635 1837 βασιλέϊ
649 1759 813 1828 ἐπεδέξατο·
835 1764 891 1819 τῶν
906 1761 937 1820 δέ

134 1846 270 1914 κατέλεξα
290 1849 396 1924 πολίων
411 1849 590 1928 ἡγεμονεύειν
607 1846 701 1921 αύτὴν,
719 1846 753 1906 τδ
771 1848 847 1908 ἔθνος
866 1847 936 1907 άπο·

134 1932 224 2007 φαίνω
239 1939 297 1995 πᾶν
311 1935 357 1995 ε’δν
371 1936 505 2011 Δωρικόν·
526 1934 773 2009 Ἀλικαρνησαὴας
790 1936 841 2006 μὲν
855 1941 934 2009 Τροι-

133 2021 248 2096 ζηνίους,
260 2022 325 2086 τοῦς
336 2023 366 2082 δὲ
376 2020 482 2086 ἄλλους
491 2021 692 2103 Ἐπιδαυρίους.
720 2022 747 2079 ἒς
755 2019 807 2092 μὲν
816 2020 933 2078 τοσόνδε

132 2107 150 2168 ὅ
163 2110 290 2174 ναυτικὰς
303 2109 426 2188 στρατδς
438 2111 553 2187 εἴρηται.
592 2124 595 2129 ’
630 2146 633 2150 -

85 2196 144 2256 100
185 2199 291 2276 Ξέρξης
312 2199 349 2267 δὲ,
372 2198 432 2256 ε’πεὶ
458 2193 660 2273 η’ρίθμησέότε,
683 2190 730 2249 καὶ
756 2188 888 2269 διετάχθη
917 2194 933 2251 ὁ

132 2285 261 2358 στρατδς,
284 2283 444 2360 ἐπεθύμησε
466 2281 548 2363 αύτάς
569 2285 668 2362 σφεας-
681 2277 846 2347 διεξελάσας
869 2280 931 2354 θεή-

132 2370 249 2427 σασθαι·
268 2369 341 2445 μετά
358 2370 388 2429 δὲ
401 2371 492 2428 ε’ποίεε
506 2362 669 2449 ταῦτῖιςῑσυὶ
686 2365 865 2435 διεξελαύνων
886 2371 931 2426 ἐπὶ

131 2455 254 2533 ἅρματος
277 2457 354 2536 παραὶ
375 2458 451 2519 ἔθνος
475 2446 504 2517 ἓν
525 2448 652 2539 ἕκαστον,
676 2454 854 2516 ἐπυνθάνετο·
886 2460 931 2515 καὶ

130 2542 297 2624 α’πέγραφον
318 2549 345 2604 οἱ
366 2545 587 2627 γραμματισταί·
622 2544 671 2608 ἕως
697 2546 729 2616 ἐξ
754 2544 881 2625 ε’σχάτων
905 2552 931 2608 ἐς

131 2632 239 2710 ἔσχατα
252 2628 368 2693 άπίκετο
381 2635 491 2710 καὶτῆς
505 2634 591 2693 ἵππου
605 2634 650 2693 καὶ
663 2639 713 2695 τοῦ
726 2637 820 2705 πεζοῦ.
853 2634 888 2697 ῶς
902 2635 931 2692 δὲ

128 2719 217 2779 ταῦτά
230 2724 265 2779 οἱ
286 2722 444 2798 ἐπεποίητο,
464 2726 519 2783 τῶν
539 2726 607 2783 νεῶν
627 2724 883 2784 κατελκυσθεισέων
904 2728 931 2785 ἐς

130 2807 290 2880 θάλασσαν,
306 2812 424 2871 ε’νθαῦτα
437 2810 453 2872 ὅ
466 2812 572 2889 Ξέρξης
583 2812 724 2888 μετεκβὰς
737 2816 767 2869 ε’κ
780 2814 830 2870 τοῦ
843 2809 930 2885 ἅρμα-

127 2923 176 2961 τος
196 2903 223 2962 ές
243 2900 292 2959 νέα
312 2899 452 2976 Σιδωνίην,
472 2901 544 2971 ἵζετο
562 2899 617 2959 ῦπδ
637 2902 728 2978 σκηνῇ
745 2899 862 2977 χρυσέη·
885 2901 930 2956 καὶ

125 2988 270 3063 παρέπλεε
282 2987 360 3068 παρὰ
377 2987 428 3053 τάς
445 2989 557 3067 πρώρας
574 2991 629 3047 τῶν
643 2991 718 3056 νεῶν,
734 2990 886 3063 ε’πειρωτῶν
899 3012 931 3045 τε

107 3072 236 3142 ἕκαστος
252 3077 361 3159 ὁμοίως
380 3080 430 3143 καὶ
448 3078 500 3143 τδν
517 3076 603 3152 πεζὸν
627 3077 672 3137 καὶ
691 3072 933 3158 ιἰπογραῲύιιενος·

89 3159 147 3222 ra's·
160 3164 197 3226 δέ
207 3170 280 3238 νέας
290 3175 320 3235 οἷ
330 3174 480 3259 ναύαρχοι
492 3168 692 3258 άναγαγόνιες
703 3163 775 3227 ὅσον
785 3187 820 3222 τε
827 3161 956 3230 τέσσερα

74 3247 200 3335 ''Ac'fflpa
214 3257 286 3325 α’πό
297 3271 360 3330 τοῦ
375 3271 523 3361 αἰγιαλοῦ
540 3259 741 3346 ἀνεκώχευον,
749 3252 804 3317 was
814 3244 932 3330 πθῶθας
943 3243 975 3297 ἒς
