2024 3450
108 112 123 160 s
418 110 604 160 Ἧοοιουοτ
804 115 809 120 ·
861 112 909 177 [τ.

109 193 220 263 πόλιας,
235 191 334 252 αὑτίκα
352 191 599 255 διασκεδασθέντες
617 189 677 251 κατ’
695 190 811 255 έωυτοὺς
828 193 909 254 ἔκασ-

106 303 152 340 τοι
168 279 329 358 ἐτράποντο,
345 280 389 338 καί
408 280 596 358 παρεδίδοσαν
610 279 703 355 σφέας
718 278 819 342 αὑτοὺς
834 285 910 342 τοῖσι

109 368 253 448 Πέρσησι·
282 367 352 428 οὑτω
380 368 414 444 δὴ
439 367 568 427 Παιόνων
600 367 780 445 Σιροπαίονές
806 394 837 427 τε
864 371 910 428 καὶ

109 457 257 517 Παιόπλαι
277 457 323 528 καὶ
343 459 370 516 οἰ
392 483 477 536 μεχρι
495 460 546 532 τῆς
566 456 730 533 Πρασιάδος
749 457 859 533 λίμνης,
880 460 911 528 ἐξ

47 546 98 604 ’16
108 543 199 621 ἠθέων
216 544 424 615 ἐξαναστάντες,
437 570 540 626 ηγοντο
559 549 587 607 ἐς
602 544 654 620 τὴν
672 543 781 619 Ἀσίην.
825 549 864 603 Οἱ
880 546 910 604 δὲ

91 631 171 712 Ιπερί
184 634 217 695 τά
231 635 379 716 Πάγγαιον
393 632 474 711 οὖρος
490 633 536 691 καὶ
549 633 684 709 Δόβηρας
702 632 748 690 καὶ
760 631 910 712 Ἀγριᾶνας

107 722 154 781 καὶ
159 721 350 800 Ὀδομάντους
360 721 406 779 καὶ
416 719 503 796 αὑτὴν
512 720 564 795 τήν
574 721 676 798 λίμνην
685 719 738 796 την
747 720 908 797 Πρασιάδα,

106 808 158 870 ούκ
176 810 365 889 ἐχειρώθησαν
377 807 468 886 άρχην
481 808 536 867 υπὸ
550 808 735 889 Μεγαβάζου.
778 808 908 885 ἐπειρήθη

105 896 137 956 δέ
150 898 196 956 καὶ
208 897 274 960 τοὺς
287 902 316 956 ἐν
328 900 365 975 τῇ
374 896 610 974 λίμνηέξαιρέειν,
625 889 677 954 ὦδε
685 897 908 972 κατοικημένους·

106 985 181 1062 ἰκρία
195 984 240 1042 ἐπὶ
253 987 380 1061 σταυρῶν
389 983 505 1062 ὑψηλῶν
517 984 665 1062 ἐζευγμένα
679 987 707 1041 ἐν
720 983 796 1060 μέση
807 984 908 1058 ἔστηκε

106 1073 144 1150 τῇ
157 1072 252 1150 λίμνη,
264 1070 362 1131 ἔσοδον
376 1075 406 1130 ἐκ
419 1075 471 1146 τῆς
483 1069 600 1146 ἠπείρου
614 1069 725 1144 στεινὴν
744 1071 845 1147 ἔχοντα
856 1075 909 1150 μιῇ

106 1159 227 1240 γεφύρῃ·
253 1159 318 1223 τοὺς
338 1160 368 1219 δὲ
388 1158 527 1237 σταυροὺς
549 1157 614 1220 τοὺς
636 1156 813 1220 ὑπεστεῶτας
832 1163 908 1217 τοῖσι

107 1248 222 1324 ἰκρίοισι
237 1247 270 1308 τό
283 1248 336 1325 μέν
349 1273 399 1307 κου
412 1247 530 1325 ἀρχαῖον
540 1246 667 1321 ἔστησαν
680 1247 758 1324 κοινῇ
767 1243 868 1307 πάντες
882 1251 908 1304 οἰ

105 1339 249 1412 πολιῆται·
276 1335 348 1413 μετά
368 1335 405 1405 δὲ,
422 1334 497 1414 νόμιρ
512 1333 662 1412 χρεώμενοι
683 1336 782 1392 ἱστᾶσι
803 1335 907 1411 τοιῷδε·

105 1424 265 1501 κομίζοντες
275 1424 306 1494 ἐξ
318 1422 414 1501 οὔρεος
426 1427 464 1502 τῷ
478 1420 582 1498 οὔνομά
595 1426 657 1481 ἐστι
665 1419 823 1499 Ὄρβηλος,
838 1422 907 1480 κατά

104 1515 223 1592 γυναῖκα
236 1511 357 1588 ἐκάστην
369 1510 386 1572 ό
398 1512 509 1594 γαμέων
521 1512 596 1588 τρεῖς
609 1508 747 1587 σταυροὺς
759 1508 906 1584 ὑπίστησι·

104 1596 203 1680 ἄγεται
216 1601 246 1660 δὲ
260 1601 378 1664 ἕκαστος
390 1598 498 1680 συχνάς
516 1601 656 1681 γυναῖκας.
678 1599 786 1658 οἰκεῦσι
804 1597 834 1655 δὲ
851 1623 907 1656 τοι·

104 1691 188 1746 οὑτον
197 1688 311 1764 τρόπον,
323 1687 444 1764 κρατέων
458 1688 577 1750 ἕκαστος
590 1687 703 1747 ἐπὶτῶν
718 1685 809 1763 ἰκρίων
823 1685 907 1743 καλύ·

106 1773 163 1848 βης
173 1779 243 1832 τεέν
256 1772 275 1851 ᾗ
288 1775 434 1845 διαιτᾶται,
450 1774 496 1831 καί
510 1774 594 1849 θύρης
607 1777 785 1848 καταπακτῆς
795 1772 841 1832 διὰ
852 1777 907 1832 τῶν

105 1858 200 1934 ἰκρίων
220 1858 292 1917 κάτω
313 1859 455 1935 φερούσης
473 1863 500 1921 ἐς
517 1860 570 1934 τήν
590 1861 700 1935 λίμνην·
724 1859 761 1920 τά
778 1861 809 1918 δὲ
821 1860 907 1935 νήπια

70 1949 73 1955 ’
106 1945 204 2003 παιδία
226 1944 321 2004 δέουσι
341 1949 390 2003 τοῦ
411 1944 497 2007 ποδός
512 1945 637 2023 σπάρτῳ,
653 1945 693 2020 μη
712 1949 907 2024 κατακυλισθῇ

105 2032 300 2109 δειμαίνοντες·
337 2035 414 2091 τοῖσι
435 2032 465 2090 δὲ
486 2032 599 2090 ἵπποισι
618 2033 665 2090 καὶ
682 2034 760 2092 τοῖσι
777 2031 906 2115 ὑποζυγί-

104 2145 163 2180 οισι
178 2121 336 2200 παρέχουσι
351 2119 455 2198 χόρτον
476 2120 564 2197 ἰχθῦς·
592 2125 647 2181 τῶν
667 2121 696 2179 δέ
716 2120 827 2197 πλῆθός
845 2128 907 2182 ἐστι

103 2212 250 2278 τοσοῦτον,
279 2207 351 2268 ὥστε
374 2205 442 2266 ὅταν
467 2205 519 2283 τήν
547 2206 633 2285 θύρην
653 2208 705 2283 τὴν
726 2212 906 2286 καταπακτὴν

105 2295 250 2373 α’νακλίνη,
278 2295 366 2355 κατίει
398 2319 503 2374 οχοινῳ
529 2296 653 2372 σπυρίδα
682 2296 774 2370 κεινὴν
802 2301 830 2359 ἐς
855 2299 906 2373 την

106 2383 217 2460 λίμνην,
232 2383 278 2441 καὶ
292 2381 324 2442 οὑ
338 2385 449 2441 πολλον
462 2408 524 2441 τινα
533 2409 636 2462 χρονον
647 2382 779 2462 ἐπισχών,
791 2383 906 2464 άνασπᾴ

103 2471 214 2549 πλήρεα
241 2470 352 2551 ἰχθύων.
393 2472 448 2530 τών
473 2470 502 2529 δὲ
525 2470 626 2550 ἰχθύων
650 2472 712 2531 ἐστὶ
736 2472 818 2552 γένεα
847 2472 904 2543 δύο,

103 2559 168 2622 τούς
184 2560 320 2618 καλέουσι
334 2555 484 2635 πάπρακάς
498 2585 530 2618 τε
546 2559 592 2618 καὶ
604 2560 733 2623 τίλωνας.
775 2555 911 2621 ΠαιόνωνΙ

102 2649 154 2723 μέν
168 2647 201 2724 δὴ
216 2651 243 2706 οἱ
255 2646 431 2726 χειρωθέντες
443 2645 546 2728 ἤγοντο
560 2652 588 2711 ἐς
600 2647 652 2724 τήν
663 2647 775 2725 Ἀσίην.

56 2731 93 2794 17
146 2733 319 2815 Μεγάβαζος
353 2734 382 2792 δὲ
415 2733 453 2797 ’ὥς
479 2735 650 2814 ἐχειρώσατο
679 2736 745 2800 τοὺς
771 2736 902 2808 Παίονας,

105 2823 209 2899 πέμπει
217 2820 355 2902 άγγέλους
366 2826 393 2886 ἐς
403 2823 580 2899 Μακεδονίην
589 2822 689 2902 ἄνδρας
700 2824 770 2884 ἑπτά
780 2825 902 2901 Πέρσας,

105 2908 133 2968 οἰ
144 2909 204 2986 μετ’
219 2908 303 2969 αὑτόν
320 2913 409 2970 κεῖνον
428 2908 503 2986 ἦσαν
521 2910 704 2987 δοκιμώτατοι
721 2917 749 2972 ἐν
767 2916 805 2990 τῷ
819 2937 903 2989 στρα·

101 2997 218 3077 τοπέδιρ·
240 2997 397 3075 ἐπέμποντο
411 2999 442 3057 δὲ
455 2996 532 3058 οὑτοι
544 2999 609 3077 παρ’
621 2999 761 3077 Ἀμύντην
774 2999 903 3074 αἰτήσον-

96 3111 145 3147 τες
154 3090 213 3165 γῇν
224 3111 256 3146 τε
268 3085 316 3146 καὶ
326 3085 397 3165 ὕδωρ
412 3086 521 3167 Δαρείῳ
533 3088 661 3164 βασιλέϊ.
694 3090 755 3148 ἔστι
768 3087 797 3147 δὲ
811 3093 841 3146 ἐκ
854 3090 905 3163 τῆς

76 3171 257 3240 Πρασιαδος
279 3174 387 3253 λιμνης
408 3175 553 3256 σύντομος
578 3175 668 3255 κάρτα
690 3181 720 3240 ἐς
741 3173 792 3250 «ἢν
808 3179 909 3232 ΜΝ·

58 3245 177 3324 ‘50V‘572‘’
219 3266 329 3337 πρώτα
362 3267 425 3343 μὲν
450 3265 514 3345 γάρ
549 3266 649 3345 ἔχεται
675 3267 730 3340 τῆς
753 3262 860 3334 Hm*
890 3257 926 3318 ’ὦ
