2024 3450
127 97 174 150 176
432 98 614 150 ἨΡΟΔΟΤΟΤ
845 97 931 159 [vn.

171 178 255 234 μοῦνον
265 177 400 238 ἀπόρθητον
411 181 525 242 τελέθειν,
537 181 566 229 τὸ
578 180 607 227 σέ
617 178 689 227 τέκνα
700 176 724 226 τ’
735 178 823 238 ὀνήσει.

171 249 232 305 μηδὲ
244 248 308 308 σύγ’
320 251 453 311 ἱπποσύνην
464 270 491 300 τε
502 253 579 312 μένειν
590 252 630 300 καί
642 252 713 309 πεζὸν
724 250 792 299 ἰόντα

172 321 264 366 πολλὸν
275 321 317 367 ἀπ’
326 322 424 384 ἠπείρου
434 326 538 386 στρατδν
549 322 646 384 ἥσυχος,
657 321 713 370 ἀλλ’
724 322 860 385 ὑποχωρεῖν

171 391 246 438 νῶτον
257 393 412 455 ἐπιστρέψας·
432 397 468 443 ἔτι
476 414 513 443 τοι
525 397 580 445 κοτὲ
591 396 683 444 κάντίος
695 396 764 454 έσση.

172 461 191 509 ιδ
203 464 254 521 θείη
266 466 382 525 Σαλαμίς,
397 468 496 516 ἀπολεῖς
507 470 532 515 δέ
544 469 574 516 σθ
585 468 657 515 τέκ’να
668 467 793 526 γυναικῶν,

171 533 189 593 ἤ
199 552 245 582 που
256 538 408 597 σκιδναμένης
419 541 563 601 Δημήτερος,
579 539 594 598 ἡ
606 540 735 596 συνιούσης.

76 639 132 696 142
142 641 236 701 Ταῦτά
249 649 305 719 σφι
317 643 457 721 ἠπιώτερα
469 643 524 725 γάρ
542 648 596 704 τῶν
609 643 749 721 προτέρων
767 644 813 702 καὶ
826 642 863 719 ἦν
877 647 929 704 καὶ

122 728 212 788 ε’δόκεε
234 731 310 805 εἶναι,
330 731 561 813 συγγραψάμενοι
579 731 803 790 ἀπαλλάσσοντο
824 737 853 795 ές
872 732 929 796 πᾶς

68 819 72 826 ’
121 813 249 892 Ἀθήνας·
273 819 309 882 ῶς
329 820 359 878 δὲ
378 819 547 883 ἀπελθόντες
564 823 590 879 οί
607 818 758 895 θεοπρόποι
777 818 927 901 άπήγγελ·

119 906 173 961 λον
187 909 213 967 ές
225 905 274 964 τόν
287 907 383 982 δῆμον,
396 912 503 986 γνῶμαι
517 908 563 965 καὶ
575 907 663 965 ἅλλαι
675 907 782 965 πολλαί
796 909 926 987 ἐγίνοντο

121 989 269 1065 διζημένων
281 992 313 1051 τό
326 994 468 1069 μαντήϊον,
481 994 526 1052 καί
536 994 595 1053 αἵδε
605 998 802 1070 συνεστηκυῖαι
814 995 925 1071 μάλισ-

119 1103 164 1136 τα·
178 1083 232 1138 τῶν
245 1082 443 1157 πρεσβυτέρων
454 1085 550 1162 ἔλεγον
559 1084 738 1159 μετεξέτεροι,
750 1082 854 1143 δοκέειν
863 1094 924 1162 σφι

118 1165 168 1226 τόν
181 1167 245 1228 θεόν
259 1168 311 1244 τήν
328 1167 482 1245 α’κρόπολιν
499 1174 606 1248 χρῆσαι
624 1171 814 1247 περιέσεσθαι·
830 1170 923 1253 ήγιὶρ

120 1253 272 1333 οἷκρόπολις
286 1256 319 1317 τό
335 1255 425 1315 πάλαι
441 1261 496 1318 τῶν
508 1256 646 1333 Ἀθηνέων
658 1262 734 1336 ῥηχῷ
748 1258 921 1334 ἐπέφρακτο·

120 1347 146 1403 οἱ
158 1348 210 1422 μὲν
223 1346 257 1423 δή
271 1345 340 1405 κατοί
353 1345 548 1426 πόνφραγμδν
562 1345 776 1421 συνεβάλλοντο
788 1350 871 1405 τοῦτο
884 1350 921 1409 τὸ

122 1434 234 1504 ξύλινον
251 1440 343 1515 τεῖχος
364 1435 441 1494 εἶναι·
466 1438 493 1494 οἷ
513 1434 536 1494 δ’
557 1432 591 1493 αὖ
608 1435 706 1515 ἔλεγον
720 1434 769 1497 τοὶς
785 1435 847 1496 νέας
865 1463 919 1514 ση-

118 1524 225 1598 μαίνειν
237 1523 287 1585 τόν
305 1523 376 1594 θεόν,
391 1524 436 1583 καὶ
449 1523 551 1587 ταύτας
564 1523 770 1599 παραρτέεσθαι
789 1524 920 1587 ἐκέλευον

118 1610 154 1669 τά
171 1610 249 1670 ἅλλα
265 1611 392 1676 α’πέντας.
433 1611 501 1675 τοιίς
518 1611 555 1671 ὦν
576 1611 609 1686 δή
629 1609 680 1673 τάς
700 1610 762 1671 νέας
782 1611 919 1690 λέγοντας

118 1698 188 1758 εἶναι
200 1701 233 1759 τό
247 1700 358 1769 ξύλινον
370 1704 463 1779 τεῖχος
475 1702 605 1776 ἔσφαλλε
617 1696 653 1757 τά
667 1696 714 1756 δύο
724 1695 760 1755 τοί
770 1702 918 1760 τελευταῖα

117 1787 237 1862 ῥηθέντα
249 1786 304 1846 ὗπδ
317 1792 367 1862 τῆς
380 1789 497 1864 Πυθίης
547 1812 551 1818 ’

166 1908 187 1954 ῶ
196 1909 247 1967 θείη
259 1909 375 1968 Σαλαμίς,
390 1910 488 1959 ἀπολεῖς
497 1912 521 1958 δέ
533 1910 564 1958 σθ
574 1909 646 1957 τέκνα
656 1909 781 1969 γυναικῶν,

166 1980 183 2040 ἤ
193 1998 240 2030 που
248 1982 402 2041 σκιδναμένης
413 1983 551 2044 Δημήτερος
562 1982 578 2041 ἢ
589 1983 719 2040 συνιούσης.

116 2088 186 2149 κατὰ
211 2095 299 2151 ταῦτα
324 2088 359 2149 τά
386 2089 452 2148 ἔπεα
482 2090 647 2168 συνεχέοντο
673 2090 702 2146 αἱ
727 2090 834 2168 γνῶμαι
860 2094 915 2150 τῶν

116 2178 247 2253 φαμένων
266 2177 316 2240 τοίς
336 2178 398 2240 νέας
417 2175 451 2236 τό
472 2176 583 2246 ξύλινον
599 2179 692 2254 τεῖχος
711 2175 788 2236 εἶναι·
814 2177 840 2233 οἶ
858 2177 914 2255 γάρ

113 2264 313 2344 χρησμολόγοι
329 2264 416 2342 ταύτῃ
433 2266 520 2323 ταῦτα
539 2262 708 2340 ἐλάμβανον,
724 2263 758 2326 ῶς
771 2262 845 2339 ἀμφὶ
860 2266 913 2326 Σα-

114 2354 221 2426 λαμῖνα
234 2352 276 2410 δεῖ
288 2352 379 2426 σφέας
393 2350 559 2425 ἑσσωθῆναι,
573 2351 728 2429 ναυμαχίην
737 2376 913 2427 παρασκευα-

68 2440 125 2497 113
135 2432 281 2514 σαμένους.
307 2437 369 2497 Ἧν
381 2437 411 2496 δὲ
426 2439 481 2497 τῶν
497 2443 539 2500 τις
551 2436 704 2512 Ἀθηναίων
717 2437 787 2515 α’νήρ
801 2443 827 2500 ές
840 2438 911 2514 πρῶ

112 2552 178 2589 τους
204 2526 303 2586 νεωστὶ
329 2523 442 2602 παριῶν,
471 2528 509 2604 τῷ
536 2522 641 2601 οὕνομα
663 2528 715 2601 μὲν
739 2526 785 2603 έην
808 2531 912 2601 Θεμισ-

63 2675 67 2680 ,
111 2614 237 2689 ποκλέης,
258 2617 324 2676 παῖς
345 2614 374 2673 δὲ
398 2612 540 2676 Νεοκλέος
553 2613 703 2691 ίέκαλέετο·
731 2611 812 2676 οὗτος
839 2610 911 2690 ῶνήρ

113 2699 165 2759 οὐκ
186 2702 241 2775 ἔφη
261 2705 318 2760 τοῖν
337 2700 426 2779 ὀρθῶς
444 2701 509 2763 παῦς’
535 2701 753 2781 χρησμολόγους
778 2701 910 2778 συμβάλ-

112 2788 222 2859 λεσθαι,
237 2789 327 2871 λέγων
339 2788 441 2848 τοιάδε
456 2792 479 2848 εί
489 2792 516 2850 ές
528 2787 691 2863 Ἀθηναίους
705 2788 808 2867 εἴχετό
822 2786 911 2850 πάθος

113 2878 255 2956 εἰρημένον
277 2876 382 2947 ἐόντως,
404 2875 454 2936 οὐκ
476 2873 511 2935 ἂν
534 2874 604 2935 οὕτω
625 2899 675 2952 μιν
698 2875 801 2934 δοκέειν
823 2874 911 2951 ἠπίως

108 2968 278 3046 χρησθῆναι,
292 2965 370 3025 άλλιί
384 2961 444 3023 ὧδε·
462 2963 483 3023 ὦ
497 2963 617 3042 σχετλίη
628 2962 764 3039 Σαλαμίς·
786 2961 847 3021 α’ντὶ
860 2968 910 3021 τοῦ

99 3055 125 3114 ω’
132 3057 197 3136 θείη
210 3055 353 3138 Σαλαμίς·
375 3054 453 3135 ε’ίπερ
465 3079 500 3138 γε
514 3053 633 3132 ἔμελλον
649 3054 676 3110 οἱ
689 3050 830 3126 οἰκήτορες
842 3051 910 3124 ἀμφ’

82 3143 165 3225 ου’τῇ
181 3148 384 3231 τελευτήσειν·
408 3147 491 3211 ἀλλὰ
511 3143 568 3230 γὰρ
590 3145 618 3206 ἐς
634 3139 703 3204 τοδς
717 3137 878 3229 πολεμίους
894 3136 936 3204 Ίῖεὲ

67 3233 130 3312 θεῷ
152 3241 298 3318 εἰρῆσθαι
321 3243 358 3309 τό
379 3238 585 3329 χρηστήριον,
604 3223 858 3308 σνλλαθβᾶνῦνίι
879 3234 967 3305 W,

974 3328 997 3382 λ
