2024 3450
131 108 177 153 τοι
437 99 621 148 ἨΡοΔοιοι
848 99 929 163 [vn.

131 185 176 241 καὶ
198 187 234 263 τῇ
257 183 324 241 Θέτι
348 181 393 239 καὶ
414 184 481 258 τῇσι
508 178 633 255 Νηρηίσι
662 178 780 249 θύοντες,
804 179 933 239 ἔπαυσαν

129 272 246 347 τετάρτῃ
260 269 360 346 ἡμέρῃ·
377 267 395 343 ἢ
410 266 503 331 άλλως
517 295 569 330 κως
583 267 666 330 αὐτάς
681 269 782 326 ἐθέλων
797 265 932 326 ἐκόπασε·

129 362 164 434 τῇ
182 359 211 415 δὲ
230 359 295 415 Θέτι
312 358 399 425 ἔθυον,
424 357 575 432 πυθόμενοι
595 355 671 432 παρά
688 361 742 414 τῶν
763 354 861 414 Ἰάνων
881 357 933 415 τόν

131 445 224 525 λόγον,
250 445 285 507 οἷς
312 449 341 502 ἐκ
364 449 415 503 τοῦ
442 443 535 522 χοίρου
561 444 660 530 τούτου
689 443 848 519 ἁρπασθείη
875 444 932 504 ὖπό

71 591 73 594 .
131 536 250 608 Πηλέος,
269 535 310 608 εἴη
328 559 359 591 τε
378 531 475 591 ἅπασα
493 532 512 608 ἦ
528 531 598 607 άκτῆ
617 531 635 606 ἦ
656 530 762 606 Σηπιὰς
783 531 885 607 ἐκείνης
901 560 934 591 τε

131 623 175 678 καὶ
192 627 245 680 τῶν
259 621 354 680 ἄλλων
372 622 528 698 Νηρηίδων·
552 621 566 679 ὁ
582 623 634 697 μὲν
651 619 684 694 δή
705 619 821 696 τετάρτη
841 620 933 699 ἡμέρη

85 711 139 768 192
150 711 296 770 ἐπέπαυτο.
339 714 421 768 Τοῖσι
440 711 468 767 δέ
481 708 609 784 Ἕλλησι
629 711 655 767 οἱ
668 707 861 785 ἡμεροσκόποι
875 708 932 769 α’πό

129 803 182 857 τῶν
210 799 299 875 ἄκρων
318 803 373 857 τῶν
400 797 546 873 Εὐβοϊκῶν
574 797 795 873 καταδραμόντες
820 797 933 876 δευτέρη

129 886 217 965 ἡμέρῃ
232 887 278 945 ἀπ’
292 884 325 961 ἦς
340 887 355 944 ὁ
371 886 475 964 χειμῶν
489 885 504 944 ὁ
519 891 626 962 πρῶτος
648 887 764 966 ἐγένετο,
773 886 933 960 ,ἐσήμαινον

129 973 220 1032 πάντα
243 974 279 1033 τά
303 974 438 1055 γενόμενα
461 976 524 1050 περὶ
544 975 595 1050 τήν
621 975 762 1054 ναυηγίην·
799 977 825 1033 οἱ
847 975 876 1032 δὲ
897 975 934 1039 ὦς

130 1062 272 1130 ἐπύθοντο,
283 1061 453 1120 Ποσειδέωνι
462 1064 569 1139 Σωτῆρι
585 1062 735 1137 εὐξάμενοι,
748 1063 793 1120 καὶ
807 1062 934 1127 σπονδάς

129 1149 304 1227 προχέαντες,
326 1149 377 1225 τὴν
394 1150 532 1228 ταχίστην
551 1149 641 1210 ὀπίσω
660 1149 808 1231 ἠπείγοντο
832 1151 877 1208 ἐπὶ
898 1152 933 1211 τό

128 1236 315 1313 Ἀρτεμίσιον·
338 1239 504 1301 ἐλπίσαντες
518 1238 616 1319 ὀλίγας
629 1237 705 1300 τινάς
720 1246 775 1313 σφι
791 1238 934 1308 ἀντιξόους

129 1326 246 1386 ἐσεσθαι
259 1328 330 1389 νέας.
373 1329 462 1402 οἱμὲν
477 1327 510 1403 δη
525 1326 558 1386 τό
576 1326 702 1402 δεύτερον
717 1327 851 1399 ἐλθόντες,
868 1329 933 1404 περὶ

128 1413 161 1472 τό
184 1412 362 1491 Ἀρτεμίσιον
386 1414 560 1494 ἐναυλόχεον,
587 1415 777 1478 Ποσειδέωνος
804 1416 933 1490 Σωτῆρος

130 1505 284 1579 ἐπωνυμίην
298 1503 353 1563 άπὸ
366 1503 466 1564 τούτου
481 1505 521 1572 ἐτι
535 1504 580 1562 καὶ
594 1508 621 1566 ἐς
633 1503 697 1562 τόδε
711 1505 874 1579 νομίζοντες,
948 1580 951 1585 1

84 1591 139 1647 193
167 1650 170 1654 .
183 1593 220 1650 Οἱ
234 1591 263 1650 δὲ
275 1591 430 1669 βάρβαροι,
444 1592 479 1654 ὦς
493 1589 637 1651 ἐπαύσατό
649 1618 681 1649 τε
695 1590 710 1650 ό
723 1590 824 1668 άνεμος
838 1591 884 1653 καὶ
898 1591 932 1650 τό

130 1683 203 1756 κῦμα
230 1680 358 1758 ἔστρωτο,
389 1681 621 1742 κατασπάσαντες
655 1679 705 1741 τάς
737 1683 804 1754 νῆας
831 1680 933 1739 ἔπλεον

129 1767 206 1844 παρά
231 1768 283 1843 τήν
309 1768 432 1847 ἤπειρον·
467 1768 627 1846 κάμψαντες
650 1767 680 1826 δὲ
703 1766 754 1842 την
776 1765 861 1842 ἄκρην
881 1771 933 1842 τῆς

130 1856 305 1933 Μαγνησίης,
334 1858 420 1915 ἰθεῖαν
444 1857 544 1916 ἔπλεον
566 1861 592 1918 ἐς
612 1855 661 1915 τόν
683 1855 789 1913 κόλπον
809 1852 858 1912 τόν
886 1855 932 1912 ἐπὶ

130 1943 287 2022 Παγασέων
312 1945 443 2020 φέροντα.
483 1946 546 2003 ἐστι
567 1944 596 2002 δὲ
615 1949 706 2021 χῶρος
728 1949 756 2002 ἐν
776 1947 814 2020 τῷ
835 1942 933 2021 κόλπῳ

130 2028 218 2110 τούτῳ
238 2034 287 2106 τῆς
302 2032 483 2112 Μαγνησίης,
500 2033 565 2091 ἔνθα
585 2032 698 2110 λέγεται
717 2030 767 2088 τόν
788 2029 933 2104 Ἡρακλέα

129 2120 350 2193 καταλειφθῆναι
367 2119 421 2178 ὖπδ
434 2118 560 2195 Ἰήσονός
580 2144 612 2177 τε
628 2117 672 2174 καὶ
691 2120 746 2175 τῶν
763 2117 934 2190 συνεταίρων

130 2208 160 2261 ἐκ
180 2209 230 2280 τῆς
251 2205 369 2286 Ἀργοῦς
391 2203 433 2263 ἐπ’
457 2205 528 2282 ὕδωρ
553 2203 725 2279 πεμφθέντα,
751 2200 803 2259 εὖτ’
829 2202 874 2258 ἐπὶ
898 2206 933 2264 τὸ

129 2294 200 2352 κῶας
220 2294 320 2350 ἔπλεον
341 2297 368 2354 ἐς
388 2291 459 2350 Αἶαν
478 2291 530 2366 τὴν
551 2289 691 2368 Κολχίδα·
732 2290 855 2348 ἐνθεῦτεν
875 2292 933 2369 γάρ

129 2377 249 2451 ἔμελλον
269 2377 468 2454 ὑδρευσάμενοι
490 2383 516 2440 ἐς
537 2377 569 2436 τό
587 2379 712 2457 πέλαγος
730 2375 862 2453 άφήσειν·
885 2381 932 2438 ἐπὶ

128 2462 228 2524 τούτου
254 2465 282 2523 δὲ
308 2469 346 2544 τῷ
369 2464 449 2545 χοίρῳ
476 2464 581 2542 οὕνομα
607 2462 706 2546 γέγονε
731 2464 858 2540 Ἀφέται.
902 2470 932 2524 ἐν

128 2551 215 2631 τούτῳ
230 2551 267 2611 ὦν
281 2552 368 2629 ὅρμον
383 2557 409 2612 οἱ
422 2554 529 2632 Ξέρξεω
545 2557 696 2625 ἐποιεῦντο.

84 2641 141 2721 194
183 2641 384 2700 Πεντεκαίδεκα
411 2643 441 2702 δὲ
466 2647 520 2702 τῶν
547 2647 618 2719 νηῶν
638 2642 756 2702 τουτέων
780 2639 878 2718 ἔτυχόν
899 2668 931 2701 τε

89 2742 92 2748 ’
128 2726 246 2786 ὕσταται
263 2729 372 2789 πολλόν
389 2731 593 2810 ἐξαναχθεῖσαι,
608 2732 655 2790 καί
672 2757 724 2793 κως
740 2728 864 2789 κατεῖδον
879 2729 931 2792 τοὶς

92 2866 99 2880 ,
129 2814 171 2881 ἐπ’
185 2814 352 2895 Ἀρτεμισίῳ
365 2821 420 2877 τῶν
432 2817 576 2894 Ἑλλήνων
590 2823 665 2893 νῆας,
678 2817 773 2887 ἔδοξάν
786 2842 817 2876 τε
832 2816 865 2891 δὴ
879 2816 931 2881 τοὶς

129 2904 268 2981 σφετέρας
286 2904 354 2964 εἶναι
374 2908 400 2963 οἱ
412 2905 567 2983 βάρβαροι,
583 2906 627 2964 καὶ
645 2906 777 2968 πλέοντες
792 2905 931 2965 ἐσέπεσον

129 2997 157 3056 ἐς
176 2991 240 3056 τούς
258 2993 420 3070 πολεμίους·
447 2997 502 3054 τῶν
523 2992 691 3074 ἐστρατήγεε
711 2993 727 3053 ὁ
748 2992 804 3051 ἀπό
830 2991 931 3068 Κύμης

128 3085 179 3156 τῆς
201 3080 332 3144 Αἰολίδος
351 3079 477 3161 ὕπαρχος
499 3080 644 3157 Σανδώκης
662 3082 677 3141 o‘
700 3080 858 3158 Θαμασίου·
880 3080 931 3141 τόν

116 3167 156 3241 <57⁸
178 3169 321 3250 πρότερον
343 3169 450 3234 τούτων
476 3168 615 3251 βασιλεὺς
640 3173 766 3246 Δαρεῖος,
790 3166 830 3225 ἐπ’
856 3169 932 3244 αἰτίη

105 3257 206 3329 rofi&
223 3263 335 3340 λαβών
357 3262 576 3341 ἀνεσταύρωσε,
602 3258 687 3319 ἐόντα
709 3260 763 3314 τῶν
790 3252 947 3326 βασὺςιφωυ
