2024 3450
107 105 163 153 ,ιιι
414 101 604 149 .·ιινο;οτοτ
833 100 911 163 [VH.

63 206 96 263 ,μς
110 198 170 241 νον·
191 181 218 239 οἳ
239 179 385 256 διαβάντες
404 184 431 242 ἔς
447 179 500 254 τήν.
511 177 649 256 Εὐρώπην
663 180 734 238 κατά
753 179 911 257 Βόσπορον,

55 264 77 291 ⁴⁹
112 267 176 331 τούς
188 294 220 327 τε
233 268 355 344 Θρήϊκας
368 267 593 344 κατεστρέψαντο
607 266 712 330 πάντας
731 267 776 325 καὶ
798 268 844 325 ε’πὶ
863 269 913 328 τόν

111 354 210 416 Ἰόνιον
229 355 331 415 πόντον
350 355 521 430 κατέβησαν,
536 355 620 432 μέχρι
639 380 670 412 τε
687 358 807 430 Πηνειοῦ
827 381 912 414 ποτα-

65 443 167 518 21μοῦ
185 446 234 503 τοῦ
252 441 324 518 πρός
343 442 525 518 μεσαμβρίης
543 440 666 515 ἤλασαν.
702 439 791 500 Αὗται
811 445 840 499 αἶ
860 447 912 500 πᾶ-

112 556 170 600 σαι,
183 530 228 588 καὶ
242 529 298 589 οὐδ’
312 535 336 589 εἰ
350 529 440 606 ἕτεραι
453 527 522 605 πρός
536 528 655 604 ταύτῃσι
667 527 813 608 γενόμεναι
827 556 911 605 στρα-

111 620 255 692 τηλασίαι,
269 621 334 694 μιῆς
354 617 442 693 τῆσδε
464 615 513 674 οὐκ
527 615 611 683 ἄξιαι.
653 616 683 672 τί
693 615 747 695 γάρ
761 615 810 674 οὐκ
823 615 911 696 ἤγαγε

112 709 142 763 έκ
154 708 206 783 τῆς
221 704 324 781 ·Ἀσίὴς
337 705 414 767 ἔθνος
428 704 473 763 ἐπὶ
486 703 538 779 τήν
551 702 677 762 Ἐλλάδα
692 703 813 779 Ξέρξης;
836 709 911 763 κοῖον

111 792 301 871 δὶπινόμενόν
314 818 363 869 μιν
375 792 446 869 ὕδωρ
465 790 514 850 οὐκ
533 790 657 859 ἐπέλιπε,
672 789 748 865 πλήν
761 794 815 850 τῶν
827 793 910 870 μεγά-

111 884 168 941 λων
189 886 338 958 ποταμῶν;
361 883 388 940 οἱ
407 882 459 956 μὲν
479 879 534 960 γάρ
556 880 618 940 νέας
640 878 816 956 παρείχοντο,
835 883 862 938 οἱ
882 880 911 938 δὲ

112 974 139 1031 ἒς
160 969 243 1040 πεζόν
257 968 415 1046 ἐτετάχατο·
437 971 514 1027 τοῖσι
538 966 567 1025 δὲ
593 967 677 1028 ἵππος
696 969 910 1042 προσετέτακτο,

111 1061 188 1116 τοῖσι
217 1057 246 1115 δὲ
278 1055 427 1136 ἱππαγωγά
453 1058 541 1114 πλοῖα
568 1054 626 1130 ἅμα
654 1057 910 1132 στρατευομένοισι·

111 1148 188 1204 τοῖσι
201 1144 230 1202 δὲ
244 1149 271 1206 ἐς
283 1143 333 1205 τοὶς
345 1143 470 1223 γεφύρας
482 1142 590 1219 μακράς
604 1142 665 1204 νέας
682 1145 821 1220 παρέχειν,
835 1148 911 1202 τοῖσι

112 1231 142 1290 δὲ
162 1231 229 1291 σῖτά
248 1257 279 1291 τε
299 1232 345 1290 καὶ
365 1232 436 1294 νέας.

64 1323 102 1379 22
153 1320 210 1379 Καὶ
229 1323 312 1380 τοῦτο
325 1320 384 1395 μὲν,
400 1317 434 1383 ώς
447 1318 701 1396 προσπταισάντων
721 1324 776 1380 τῶν
795 1320 910 1396 πρώτων

112 1406 317 1486 περιπλεόντων
343 1407 407 1485 περὶ
433 1406 482 1467 τόν
503 1405 605 1476 Ἄθων,
634 1407 850 1485 προετοιμάζετο
880 1414 910 1467 ἐκ

110 1501 193 1572 τριῶν
220 1496 300 1556 ε’τέων
326 1521 375 1554 κου
400 1494 528 1572 μάλιστα
553 1500 579 1558 ἐς
602 1495 652 1555 τόν
669 1493 776 1556 Ἀθων·
805 1501 834 1554 ἐν
855 1496 909 1576 γάρ

111 1583 270 1644 Ἐλαιοῦντι
292 1588 343 1659 τῆς
366 1584 552 1661 Χερσονήσου
576 1581 682 1660 ὥρμεον
705 1583 839 1660 τριήρεες·
869 1589 908 1642 ε’ν-

112 1672 206 1733 θεῦτεν
220 1673 249 1732 δὲ
262 1672 439 1750 ὁρμεώμενοι,
455 1671 583 1749 ὤρυσσον
602 1670 656 1731 όπό
677 1672 822 1752 μαστίγων
841 1699 907 1732 παν-

99 1761 227 1821 τοδαποὶ
247 1765 297 1834 τῆς
311 1766 452 1836 στρατιῆς·
474 1757 779 1837 διάδοχοι’δ’,ε’φοίτων.
822 1759 909 1836 ώρυσ-

111 1873 165 1906 σον
179 1848 208 1904 δὲ
222 1846 266 1904 καὶ
281 1850 307 1905 οἱ
320 1847 383 1921 περὶ
395 1846 546 1907 τόνἋθων
560 1847 761 1923 κατοικημένοι.
796 1847 908 1922 Βουβά-

109 1959 160 2011 ρης
181 1934 210 1992 δὲ
231 1933 246 1992 ὁ
269 1933 451 2013 Μεγαβάζου,
475 1935 521 1992 καὶ
541 1933 710 2011 Ἀρταχαίης
733 1933 748 1992 ό
770 1932 907 2009 Ἀρταίου,

110 2020 204 2098 ἅνδρες
214 2021 333 2099 Πέρσαι,
346 2019 515 2080 ε’πεστάτεον
527 2023 578 2081 τοῦ
593 2021 682 2100 ἔργου.
725 2018 740 2078 ὁ
753 2019 808 2098 γάρ
818 2019 910 2083 Ἀθως

111 2111 173 2170 ἐστὶ
196 2108 260 2186 ὅρος
281 2110 356 2189 μέγα
376 2134 408 2168 τε
431 2108 477 2166 καὶ
498 2106 681 2183 οὖνομαστόν,
706 2111 733 2167 ἐς
758 2104 909 2165 θάλασσαν

113 2203 240 2274 κατῆκον,
264 2198 409 2274 οἰκημένον
429 2194 484 2255 {md
507 2192 666 2270 ἀνθρώπων·
688 2197 724 2269 τῇ
742 2192 771 2248 δὲ
792 2196 909 2270 τελευτᾷ

111 2290 138 2347 ἐς
150 2284 202 2359 τήν
217 2284 332 2361 ἤπειρον
345 2283 377 2342 τά
392 2282 464 2359 ὅρος,
478 2279 708 2360 χερσονησοειδές
728 2279 760 2336 τέ
779 2282 841 2336 ε’στι
863 2282 908 2338 καὶ

112 2370 213 2447 ἰσθμός
227 2371 262 2433 ώς
275 2370 379 2428 δώδεκα
395 2369 524 2428 σταδίων·
545 2366 640 2426 πεδίον
659 2366 689 2425 δὲ
706 2369 790 2425 τοῦτο
805 2366 850 2424 καὶ
865 2394 909 2426 κο-

110 2458 194 2518 λωνοὶ
213 2456 244 2517 οὗ
263 2457 384 2538 μεγάλοι
405 2462 434 2515 ἐκ
456 2454 606 2530 θαλάσσης
622 2458 672 2530 τῆς
691 2453 844 2514 Ἀκανθίων
865 2457 910 2514 ἐπὶ

111 2545 261 2606 θάλασσαν
287 2546 339 2622 τήν
362 2545 456 2604 ἀντίον
479 2543 620 2620 Τορώνης·
650 2548 680 2603 ι’ν.
703 2543 733 2603 δὲ
756 2546 794 2622 τῷ
819 2545 911 2623 ἰσθμῷ

110 2633 205 2712 τούτῳ,
223 2639 250 2697 ἐς
266 2633 316 2694 τόν
329 2637 446 2712 τελευτᾷ
467 2631 595 2702 ὁἋθως,
610 2631 685 2708 Σάνη
701 2631 785 2695 πόλις
804 2631 911 2694 Ἑλλάς

111 2722 227 2799 οἴκηται·
249 2722 320 2781 αἰδὲ
335 2722 411 2785 ἐντός
426 2720 515 2797 Σάνης
530 2722 585 2780 ἔσω
598 2721 627 2780 δὲ
640 2725 690 2780 τοῦ
705 2720 785 2781 Ἀθω
802 2721 909 2795 οἰκημέ-

111 2836 163 2881 ναι,
177 2810 227 2874 τάς
240 2811 303 2871 τότε
316 2811 332 2870 ὁ
344 2813 459 2888 Πέρσης
473 2808 637 2886 νησιώτιδας
651 2808 712 2870 ἀντὶ
725 2808 912 2886 η’πειρωτίδων

108 2898 221 2975 ὥρμητο
229 2898 400 2969 ποιέειν,εἰσὶ
408 2899 476 2958 αἵδε·
486 2896 910 2973 Δῖον,’ολόφυξος,Ἀκράθωον,

93 2985 220 3057 Θύσσος,
233 2989 379 3050 Κλεωναί·
401 2988 487 3053 πόλις
501 2988 551 3066 μὶν
562 2984 654 3057 οὗτοι,
664 2985 694 3044 αἳ
704 2985 753 3045 τόν
767 2983 857 3045 Ἀθων
870 2984 912 3044 νέ-

17 3061 194 3137 2311‘01‘7111·
241 3077 401 3157 ''Opvwov
416 3079 449 3141 δὲ
462 3075 529 3140 ὧδε·
551 3077 713 3156 δασάμενοι
727 3073 777 3134 τὸν
790 3075 881 3151 χῶρον
899 3073 928 3126 ολ

55 3149 229 3236 βαθιθαροι
246 3169 328 3231 κατά
344 3172 444 3243 ἔθνεα,
454 3170 536 3233 κατὰ
542 3168 646 3247 Σάνην
660 3164 751 3226 πόλιν
765 3157 947 3237 σχαινυτενὶς

45 3246 278 3322 ποιησάμενοι·
305 3264 376 3323 ε’πεὶ
404 3263 440 3325 δὲ
467 3263 595 3345 ἐγένετο
621 3257 736 3337 βαθεῖα
758 3247 780 3322 ἦ
799 3241 918 3316 mm&
938 3240 968 3292 *δ
