2024 3450
124 117 170 165 αι’
430 113 614 162 ἨΡοΔοτοτ
876 116 926 181 [ν.

121 193 151 253 δὲ
162 194 265 270 ταύτην
277 194 329 270 τήν
342 193 435 262 πόλιν,
450 195 615 271 θαρσέοντες
624 192 678 271 ήδη
690 196 729 274 τῷ
736 193 786 254 Διῒ
798 194 928 259 πλούτου

120 282 185 359 πέρι
199 283 309 359 ἐρίζετε.
350 280 428 341 άλλά
445 283 510 360 περὶ
523 285 575 359 μὲν
587 281 681 362 χώρης
694 282 749 359 ἄρα
762 281 795 342 οὗ
811 287 928 362 πολλῆς

121 368 184 428 οὐδὲ
201 369 270 429 οὕτω
286 373 421 448 χρηστῆς,
440 371 485 430 καὶ
502 369 589 448 οὔρων
607 373 741 448 σμικρῶν,
757 369 843 448 χρεόν
861 377 928 435 ἐστι

120 455 206 568 ἡμέας
225 457 319 536 μάχας
339 457 559 535 ἀναβάλλεσθαι
586 456 657 535 πρός
682 483 714 517 τε
741 461 927 535 Μεσσηνίους

120 543 215 610 ἐόντας
239 549 401 617 ἰσοπαλέας,
422 547 468 607 καὶ
487 545 625 659 Ἀρκαδας
647 571 679 605 τε
702 545 748 604 καὶ
770 545 926 656 Ἀργείους·

119 638 195 695 τοῖσι
209 636 272 696 οὔτε
285 640 394 745 χρυσοῦ
409 634 542 714 ἐχόμενόν
557 639 618 693 ἐστι
629 632 751 694 οὖδὲν”
718 659 782 694 ουτε
791 633 925 740 ἀργύρου,

118 725 174 783 τῶν
188 724 252 800 πέρι
267 724 315 782 καί
327 748 389 782 τινα
406 721 498 802 ἐνάγει
516 721 659 799 προθυμίη
677 721 839 799 μαχόμενον
855 749 926 783 απο-

120 809 262 884 θνήσκειν·
302 810 427 887 παρέχον
453 809 539 868 δὲ
503 835 554 884 της
587 809 687 885 Ἀσίης
712 808 808 884 πάσης
827 806 925 889 ἄρχειν

120 895 259 964 εὐπετέως,
282 894 357 954 ἄλλο
381 922 410 956 τι
434 896 617 974 αἶρήσεσθε;”
640 895 846 977 Ἀρισταγόρης
871 901 925 974 μὲν

118 987 209 1042 ταῦτα
229 984 317 1053 ἔλεξε.
358 986 523 1061 Κλεομένης
544 986 573 1044 δὲ
591 984 727 1062 α’μείβετο
742 984 848 1045 τοῖσδε·
875 986 924 1047 “6

118 1070 189 1138 ξεῖνε
210 1070 348 1147 Μιλήσιε,
365 1071 571 1149 ἀναβάλλομαί
588 1099 633 1133 τοι
653 1077 681 1136 ἐς
700 1074 796 1151 τρίτην
815 1072 924 1151 ἡμέρην

70 1160 109 1216 50
118 1157 356 1237 α’ποκρινέεσθαι.”
385 1162 455 1222 Τότε
465 1164 516 1238 μὲν
527 1166 554 1224 ἐς
563 1165 702 1222 τοσοῦτον
711 1161 834 1239 ἡλασαν.
861 1165 927 1224 ἐπεί

117 1273 148 1306 τε
162 1248 191 1308 δὲ
204 1247 223 1324 ή
237 1249 316 1326 κυρίη
329 1248 419 1327 ἡμέρη
431 1250 535 1331 ἐγίνετο
545 1254 595 1326 τῆς
605 1248 770 1327 άποκρίσιος
779 1250 824 1309 καὶ
831 1249 924 1326 ἦλθον

118 1341 145 1399 ἐς
157 1335 191 1397 τά
206 1337 396 1418 συγκείμενον,
412 1338 500 1414 εἴρετο
517 1336 532 1397 6
552 1338 716 1414 Κλεομένης
728 1337 778 1398 τάν
790 1336 922 1413 Ἀριστα-

116 1423 204 1504 γόρην
224 1424 348 1486 ὁκοσέων
367 1424 491 1502 ἡμερέων
511 1423 567 1484 α’πὸ
585 1425 736 1502 θαλάσσης
754 1429 804 1501 τῆς
823 1423 923 1486 Ἰώνων

116 1512 179 1578 ὁδδς
199 1515 243 1592 εἴη
260 1513 337 1594 παρὰ
351 1514 491 1591 βασιλέα;
517 1512 533 1574 6
551 1513 580 1573 δὲ
595 1513 810 1594 Ἀρισταγόρης,
827 1511 924 1574 τάλλα

116 1601 167 1662 ’ἐῶν
194 1603 288 1681 σοφάς
317 1603 363 1663 καὶ
390 1602 556 1680 διαβάλλων
583 1605 686 1682 ἐκεῖνον
713 1600 751 1672 εὖ,
779 1606 808 1661 ἐν
833 1601 924 1682 τούτῳ

117 1691 242 1768 ἐσφάλη·
263 1691 347 1770 χρεὸν
365 1691 420 1771 γάρ
439 1717 487 1767 μιν
502 1690 542 1766 μή
560 1691 654 1770 λέγειν
670 1689 704 1751 τά
721 1688 767 1750 ἐὸν
779 1690 924 1767 βουλόμε-

115 1776 163 1835 νόν
182 1803 215 1856 γε
233 1777 410 1854 Σπαρτιήτας
427 1778 573 1855 ἐξαγαγεῖν
593 1782 621 1838 ἐς
640 1777 693 1852 τήν
712 1776 822 1851 Ἀσίην,
843 1778 936 1859 λέγει-

115 1860 138 1919 δ’
153 1860 189 1921 ῶν
202 1866 285 1938 τριῶν
298 1866 392 1938 μηνῶν
409 1862 466 1936 φάς
482 1862 551 1918 εἶναι
564 1861 616 1934 τήν
630 1861 738 1920 ἄνοδον·
761 1863 777 1922 6
791 1865 820 1922 δὲ
834 1866 921 1944 ὕπαρ·

114 1947 209 2011 πάσας
236 1946 287 2008 τάν
311 1948 459 2006 ἐπίλοιπον
482 1945 570 2024 λόγον
595 1947 645 2006 τὸν
672 1946 688 2006 6
714 1946 924 2032 Ἀρισταγόρης

115 2033 227 2112 ὥρμητο
247 2036 342 2116 λέγειν
361 2033 425 2109 περὶ
445 2037 495 2109 τῆς
516 2032 592 2103 ὁδοῦ,
610 2034 680 2093 εἶπε·
709 2033 757 2093 “ῶ
774 2033 844 2104 ξεῖνε
866 2048 922 2102 Mt·

113 2123 206 2198 λήσιε,
228 2120 420 2184 α’ταλλάσσεο
441 2126 471 2180 ἐκ
493 2120 624 2200 Σπάρτης
640 2122 695 2202 πρά
713 2121 809 2187 δύντος
825 2125 921 2202 ἡλίου·

114 2211 212 2270 οὐδένα
237 2211 292 2290 γάρ
317 2208 405 2290 λόγον
429 2209 527 2270 εὐεπέα
551 2212 642 2293 λέγεις
663 2213 921 2292 Λακεδαιμονίοισι,

114 2297 217 2357 ἐθέλων
245 2295 379 2372 σφέας
361 2297 417 2358 απδ
446 2299 640 2376 θαλάσσηςτ
622 2305 707 2378 τριῶν
733 2304 828 2378 μηνῶν
854 2301 922 2364 ὁδῶν

66 2385 102 2440 51
114 2382 240 2497 ἀγαγεῖν.
240 2383 256 2404 ”
276 2383 357 2445 ‘0
323 2412 375 2463 μεν
389 2386 423 2464 δή
439 2389 603 2465 Κλεομένης
621 2393 711 2448 ταῦτα
727 2389 813 2464 εἶπας,
830 2387 875 2464 ήῖε
889 2395 921 2455 ἐς

30 2535 36 2542 ,
113 2472 149 2531 τά
163 2474 245 2534 οἰκία.
286 2502 302 2535 ο
295 2473 366 2535 δὲ’
367 2476 563 2556 Αρισταγόρης
576 2476 696 2553 λαβῶν’
688 2476 826 2554 ικετηρίην
836 2474 880 2553 ήῖε
891 2482 921 2543 ἐς

113 2565 164 2619 τοῦ
176 2564 360 2640 Κλεομένεος,
377 2564 502 2625 ἐσελθῶν
515 2565 545 2624 δὲ
559 2565 626 2624 εἵσω
640 2563 688 2624 άτε
704 2565 837 2640 ἱκετεύων,
851 2570 920 2624 ἐπα-

116 2652 217 2709 κοῦσαι
242 2652 352 2711 ἐκέλευε
378 2652 427 2712 τάν
460 2652 624 2728 Κλεομένεα
650 2650 858 2730 οἷποπέμψαντα
884 2657 919 2714 τὰ

113 2735 234 2796 παιδίον·
257 2739 452 2815 προσεστήκεε
471 2736 528 2819 γάρ
549 2738 583 2815 δή
603 2742 642 2818 τῷ
662 2739 853 2816 Κλεομένεῖή
872 2741 918 2802 θυ-

112 2821 211 2902 γάτηρ,
224 2826 261 2902 τῇ
280 2823 385 2902 οὔνομα
397 2825 432 2900 ἦν
445 2825 555 2907 Γοργώ·
573 2829 658 2888 τοῦτο
672 2828 704 2887 δέ
716 2831 743 2887 οἱ
756 2829 803 2887 καὶ
815 2832 920 2903 μοῦνον

112 2910 208 2971 τέκνον
228 2909 364 2992 ἐτύγχανε
388 2911 435 2975 ἐάν
459 2913 541 2974 ἐτέων
561 2913 634 2976 ὄκτῶ
653 2913 673 2992 ἢ
694 2916 772 2994 ἐννέα
792 2914 918 2992 ἡλικίην·

114 2998 276 3079 Κλεομένης
294 2999 324 3060 δὲ
339 2999 434 3082 λέγειν
446 3024 496 3079 μιν
514 3001 624 3064 ἐκέλευε
635 3002 674 3066 τοὶ
686 2994 832 3087 βούλεται,
846 3005 919 3081 μηδὲ

113 3091 241 3169 ἐπισχεῖν
251 3091 303 3150 τοῦ
316 3089 428 3149 ’παιδίου
441 3089 542 3151 εἵνεκα.
573 3091 695 3153 ’ἐνθαῦτα
708 3091 742 3168 δή
757 3090 773 3152 6
785 3090 919 3170 Ἀριστα-

101 3176 192 3254 γήοης
206 3176 313 3260 ιίρχετο
332 3183 365 3240 ἐκ
385 3177 453 3240 δέκα
469 3179 617 3242 ταλάντων
634 3179 871 3258 ὑπισχνεάμευος,
887 3181 921 3253 ἢν

85 3264 121 3317 οἱ
133 3269 296 3350 ἐπιτελέσῃ
313 3273 376 3332 τῶν
394 3269 505 3331 ἐδέετο.
527 3268 717 3330 άνανεῦοντος
728 3265 763 3321 δὶ
776 3268 828 3320 τοῖι
844 3268 941 3318 mm
