2024 3450
109 107 156 154 ιω
412 105 597 156 ‘mmor
847 109 915 174 [IX.

67 186 105 242 55
116 185 158 259 εἴη
171 183 274 243 ποιέειν
279 208 287 254 ;
304 182 353 248 Ὡς
362 182 392 243 δὲ
405 182 519 243 ἀπίκετο
532 182 549 242 ό
563 181 651 260 κήρυξ
663 186 691 248 ές
702 183 768 248 τούς
780 188 918 248 λακεδαι·

113 272 233 346 μονίους,
248 271 305 347 κόρα
318 273 350 330 τέ
362 278 455 347 σφεας
473 271 542 331 κατά
555 271 650 350 χώρην
661 274 856 353 τεταγμένους,
872 277 919 335 καὶ

114 362 142 419 ἐς
162 360 251 416 νείκεα
272 357 441 440 ἀπιγμένους
460 358 550 418 αὐτῶν
568 358 634 423 τούς
649 359 785 436 πρώτους·
807 361 843 425 οῖς
861 363 919 443 γάρ

115 445 149 520 δη
169 448 376 528 παρηγορέοντο
393 447 442 507 τόν
454 446 672 524 Ἀμομφάρετον
689 446 705 506 ὅ
722 473 755 508 τε
770 446 921 526 Εύρυάναξ

115 534 161 593 καὶ
182 534 197 594 ό
219 536 382 612 Παυσανίης
401 535 441 612 μὴ
461 533 623 594 κινδυνεύειν
644 535 778 611 μένοντας
798 538 920 614 μούνους
966 598 969 607 ,

115 623 347 701 Λακεδαιμονίων,
369 621 401 682 ού
425 648 477 685 κως
493 623 611 682 ἔπειθον·
641 626 669 685 ές
692 622 709 682 ὃ
731 627 759 686 ές
776 625 871 685 νείκεά
888 654 920 688 τε

115 711 307 788 συμπεσόντες
323 710 465 780 ἀπικέατο,
484 709 564 769 καὶὸ
584 710 670 786 κήρυξ
688 713 745 771 τῶν
761 710 919 789 Ἀθηναίων

114 799 272 877 παρίστατό
293 805 349 874 σφι
369 797 530 878 ἀπιγμένος·
559 799 666 858 νεικέων
685 797 714 856 δὲ
730 797 746 857 ό
765 797 918 878 Ἀμομφά-

114 914 201 963 ρετος,
216 887 358 963 λαμβάνει
376 887 478 962 πέτρον
490 885 668 963 ἀμφοτέρῃσι
681 890 750 963 τῇσι
762 890 856 964 χερσὶ,
872 892 919 949 καὶ

115 976 200 1037 τιθεὶς
218 975 273 1050 πρό
290 973 381 1032 ποδῶν
396 977 451 1032 τῶν
470 975 643 1042 Παυσανίεω,
664 973 751 1051 ταύτῃ
771 979 808 1052 τῇ
829 976 918 1058 ψήφῳ

115 1062 287 1137 ψηφίζεσθαι
315 1062 369 1135 ἔφη
389 1060 430 1136 μη
451 1060 564 1139 φεύγειν
587 1060 650 1123 τούς
670 1061 784 1130 ξείνους·
812 1064 919 1133 ξείνους

115 1148 203 1229 λέγων
225 1148 290 1212 τούς
312 1147 487 1224 βαρβάρους·
518 1146 535 1206 ἀ
560 1148 589 1206 δὲ
615 1148 782 1225 μαινόμενον
809 1152 856 1210 καὶ
884 1154 918 1213 ού

115 1236 254 1314 φρενήρεα
282 1237 387 1295 καλέων
414 1240 524 1305 ἐκεῖνον,
550 1236 618 1312 πρός
640 1262 671 1295 τε
692 1236 741 1296 τάν
760 1235 919 1314 Ἀθηναίων

115 1326 219 1403 κήρυκα
237 1329 423 1404 ἐπειρωτῶντα
435 1323 470 1383 τά
485 1325 677 1401 ἐντεταλμένα,
691 1326 784 1404 λέγειν
803 1325 820 1385 ό
839 1333 918 1388 Παυ-

116 1416 214 1490 σανίης
228 1416 336 1474 ἐκέλευε
348 1415 383 1474 τά
396 1411 533 1490 παρεόντα
551 1418 606 1487 σφι
624 1413 783 1493 πρήγματα,
805 1415 919 1492 ἐχρήῖζέ

117 1527 146 1559 τε
166 1507 220 1561 τῶν
239 1501 393 1578 Ἀθηναίων
418 1502 627 1578 προσχωρῆσαί
643 1526 674 1560 τε
696 1500 766 1578 πρός
789 1504 916 1577 ἑωυτούς,

117 1590 161 1650 καὶ
183 1593 286 1651 ποιέειν
309 1593 371 1668 περὶ
393 1593 443 1665 τῆς
464 1586 521 1646 ἀπ’
538 1614 570 1647 ου
590 1588 678 1665 τάπερ
697 1587 730 1648 ἂν
751 1588 796 1647 καὶ
819 1596 916 1666 σφεῖς.

67 1678 106 1734 56
116 1678 173 1737 Καὶ
188 1679 205 1738 ό
220 1682 271 1754 μὲν
292 1679 498 1738 ἀπαλλάσσετο
516 1681 542 1739 ές
557 1676 622 1739 τούς
636 1675 806 1752 Ἀθηναίους.
850 1680 918 1744 τούς

114 1765 144 1823 δὲ
161 1767 219 1823 ε’πεὶ
239 1766 465 1842 ἀνακρινομένους
481 1763 551 1841 πρδς
567 1764 681 1828 ἑωυτούς
700 1763 755 1839 ἤῶς
775 1767 917 1844 κατελάμ-

115 1852 194 1926 βανε,
210 1853 337 1931 ἐντούτῳ
351 1858 388 1930 τῷ
401 1853 492 1932 χρόνῳ
504 1852 655 1929 κατήμενος
668 1852 683 1912 ὁ
698 1855 870 1930 Παυσανίης,
880 1857 916 1931 Ιοὐ

115 1939 215 1999 δοκέων
228 1940 276 2000 τόν
289 1939 506 2017 Ἀμομφάρετον
519 1940 669 2018 λείψεσθαι
681 1944 736 2000 τῶν
748 1940 844 2002 ἀλλων
856 1951 916 2003 Λα·

116 2022 292 2107 κεδαιμονίων
318 2029 549 2108 ἀποστειχόντων,
574 2029 621 2109 (τά
648 2028 682 2104 δὴ
709 2029 755 2087 καὶ
783 2030 915 2112 ε’γένετο,)

117 2118 245 2196 σημῄνας
262 2119 353 2199 ἀπῆγε
370 2117 415 2176 διὰ
427 2121 483 2176 τῶν
499 2121 627 2176 κολωνῶν
640 2119 704 2180 τούς
717 2116 834 2180 λοιπούς
846 2119 914 2179 πάν-

114 2231 173 2267 τας·
196 2207 306 2266 εἵποντο
320 2207 349 2264 δὲ
364 2206 409 2263 καὶ
427 2207 572 2285 Τεγεῆται·
593 2203 737 2280 Ἀθηναῖοι
753 2204 782 2262 δὲ
798 2208 916 2284 ταχθέν-

114 2317 159 2352 τες
173 2291 259 2365 ἤϊσαν
275 2292 311 2350 τοῖ
330 2294 450 2368 ἔμπαλιν
467 2289 485 2366 ἢ
504 2291 726 2368 Λακεδαιμόνιοι·
748 2295 774 2350 οῖ
789 2295 842 2368 μὲν
857 2294 915 2374 γάρ

115 2382 171 2436 τῶν
196 2404 227 2436 τε
254 2378 344 2456 ὄχθων
371 2377 530 2456 ἀντείχοντο
558 2380 605 2437 καὶ
627 2384 677 2455 τῆς
702 2379 837 2456 ύπωρείης
863 2388 916 2442 τοῦ

115 2466 286 2542 Κιθαιρῶνος
314 2464 487 2542 φοβεόμενοι
513 2465 564 2542 τὴν
593 2468 685 2538 ἵππον,
712 2467 857 2543 Ἀθηναῖοι
884 2470 917 2530 δὲ

65 2552 105 2614 57
115 2551 187 2610 κάτω
206 2555 376 2629 τραφθέντες
392 2559 419 2617 ἐς
434 2554 466 2614 τό
486 2555 589 2614 πεδίον.
630 2554 848 2631 Ἀμομφάρετος
875 2557 915 2627 δὲ,

114 2639 203 2717 α’ρχήν
213 2665 243 2699 τε
254 2639 361 2717 ούδαμά
373 2642 474 2702 δοκέων
484 2639 650 2718 Παυσανίην
657 2641 812 2719 τολμήσειν
821 2645 917 2719 σφέας

114 2726 271 2796 ἀπολιπεῖν,
295 2731 449 2807 περιείχετο
471 2728 555 2789 αύτοΰ
575 2732 707 2806 μένοντας
727 2731 767 2808 μή
790 2734 917 2792 ἐκλιπεῖν

112 2815 166 2892 τήν
190 2813 278 2885 τάξιν·
309 2816 512 2894 προτερεόντων
539 2818 568 2876 δὲ
591 2822 646 2879 τῶν
672 2818 726 2878 σύν
753 2819 912 2897 Παυσανίῃ,

114 2905 266 2975 καταδόξας
280 2903 379 2967 αύτούς
393 2904 462 2982 ἰθείη
476 2907 561 2984 τέχνῃ
579 2905 729 2966 ἀπολιπεῖν
742 2905 834 2975 αὐτόν,
849 2905 916 2966 ἀνα-

113 2996 243 3070 λαβοντα
263 2992 312 3053 τόν
332 2992 420 3070 λόχον
440 2993 475 3052 τά
497 2993 573 3051 ὅπλα
593 2993 645 3074 ἦγε
668 2993 761 3070 βάδην
785 2993 856 3070 πρός
881 2995 915 3055 τό

107 3079 186 3143 ἄλλο
204 3085 320 3160 στῖφος·
342 3080 374 3144 τό
391 3081 429 3152 δὲ,
444 3079 568 3142 ἀπελθόν
587 3081 657 3140 ὅσον
673 3107 705 3140 τε
723 3082 789 3141 δέκα
802 3080 914 3152 στάδια,

93 3168 218 3250 ανεμενε
252 3172 304 3236 τάν
334 3170 562 3253 Ἀμομφαρέτου
590 3168 680 3246 λόχον
707 3168 774 3240 πέθῑ
797 3169 922 3265 ΜὛᾸἺ

86 3262 255 3329 Μολόεντα
274 3264 437 3348 ἱδρυμένον
451 3255 629 3344 Ἀργώπιὸν
645 3277 681 3315 τε
697 3255 792 3328 Χῶβον
810 3249 945 3313 ΜΨ·
