2024 3450
66 100 206 167 τοι-ιον]
369 106 556 152 ιιιιιιιοιιιι.
816 104 860 149 331

64 178 243 257 ἐποιήσαντο,
267 183 349 241 πίστι
368 207 399 239 τε
426 182 636 258 καταλαβόντες
661 181 708 241 καὶ
735 180 864 257 ὁρκίοισι,

65 270 192 345 ἐμμένειν
205 295 235 328 τε
249 270 295 326 καὶ
308 268 348 344 μη
363 267 591 343 ἀποστήσεσθαι·
611 269 726 333 τούτους
739 270 768 328 δὲ
783 295 865 328 κατα-

64 357 203 433 λαβόντες
223 355 351 433 ὁρκίοισι,
380 357 480 416 ἔπλεον
503 355 553 418 τάς
575 356 699 436 γεφύρας
722 356 865 420 λύσοντες·

66 445 104 504 ἐτι
126 446 182 525 γάρ
210 444 319 504 ἐδόκεον
340 445 518 520 ἐντεταμένας
542 441 679 519 εὑρήσειν.
720 441 796 503 οὗτοι
815 448 867 520 μὲν
921 491 922 494 ¹

65 532 99 608 δη
113 532 155 591 ἐπ’
167 532 385 606 Ἑλλησπόντου
398 533 507 590 ἔπλεον.

105 623 166 679 Τῶν
185 619 215 676 δέ
231 619 433 699 ἀποφυγόντων
451 617 607 694 βαρβάρων
624 621 651 678 ές
670 616 706 675 τά
725 615 796 691 ἅκρα
816 620 912 680 τε107

65 711 115 781 τῆς
142 704 280 780 Μυκάλης
308 706 532 780 κατειληθέντων,
558 703 656 764 ε’όντων
684 703 716 763 ού
742 709 866 774 πολλόν,

67 794 171 872 ἐγίνετο
185 791 285 867 κομιδῆ
299 797 326 854 ἐς
345 792 454 869 Σάρδις·
474 793 665 867 πορευομένων
678 791 716 860 δὲ,
730 790 788 849 κατ’
802 791 867 850 ὁδόν

67 879 221 953 Μασίστης
235 878 251 936 ό
266 880 386 955 Δαρείου
404 878 570 957 παρατυχόν
583 883 621 958 τῷ
636 878 721 939 πάθεϊ
737 882 775 957 τῷ
787 904 867 958 γεγο·

68 963 126 1023 νότι
144 963 193 1024 τόν
210 966 370 1048 στρατηγόν
387 966 557 1045 Ἀρταύνπην
573 969 652 1048 ἔλεγε
667 967 764 1027 πολλά
777 993 807 1027 τε
821 966 867 1026 καὶ

68 1051 147 1122 κακά,
162 1051 239 1112 ἅλλα
258 1081 289 1114 τε
310 1057 356 1120 καὶ
371 1055 499 1138 γυναικός
520 1058 603 1116 κακίω
622 1055 679 1133 φάς
699 1055 783 1118 αύτόν
797 1056 867 1116 εἶναι

64 1145 181 1201 ,τοιαῦτα
211 1143 455 1226 στρατηγήσαντα,
485 1145 530 1204 καὶ
561 1143 638 1214 ἄξιον
668 1145 737 1206 εἶναι
764 1145 867 1207 παντός

67 1233 153 1290 κακοῦ
164 1229 214 1291 τόν
224 1233 369 1308 βασιλέοςΙ
377 1233 453 1292 οἶκον
464 1232 638 1292 κακώσαντα·
657 1232 734 1308 παραὶ
747 1233 777 1290 δὲ
789 1236 866 1290 τοῖσι

67 1318 200 1398 Πέρσησι
222 1320 351 1400 γυναικός
378 1321 462 1378 κακίω
482 1317 601 1384 οἰκοῦσαι
622 1319 714 1379 δέννος
733 1316 868 1397 μέγιστός

67 1411 137 1465 ἐστι·
165 1406 180 1465 ὁ
202 1406 240 1474 δέ,
263 1408 322 1464 ἐπεὶ
346 1405 443 1464 πολλά
464 1403 576 1478 ἤκουσε,
601 1404 675 1461 δεινά
696 1404 865 1479 ποιεύμενος,

67 1497 175 1551 σπᾶται
189 1492 235 1549 ἐπὶ
251 1492 300 1552 τόν
318 1493 473 1565 Μασίστην
486 1489 536 1549 τόν
554 1489 692 1558 ἀκινάκεα,
707 1490 867 1550 ἀποκτεῖναι

62 1581 166 1638 θέλων·
198 1578 246 1636 καί
263 1604 312 1653 μιν
331 1578 478 1638 ἐπιθέοντα
502 1577 639 1653 φρασθεὶς
660 1579 828 1659 Ξειναγόρης
849 1579 865 1639 ὁ

69 1667 226 1742 Πρηξίλεω,
258 1664 328 1742 ἀνὴρ
354 1664 603 1743 Ἁλικαρνησσεύς,
634 1663 735 1724 όπισθε
767 1665 868 1728 ἑστεώς

68 1754 152 1813 αὐτοῦ
169 1752 347 1830 Ἀρταύντεω,
361 1753 486 1830 -οἶρπάζει
503 1752 601 1828 μέσον,
620 1753 665 1810 καὶ
678 1753 776 1832 ἐξάρας
791 1752 867 1812 παίει

69 1847 96 1905 ἐς
112 1841 164 1917 την
180 1845 243 1922 γῆν·
272 1842 317 1899 καὶ
338 1846 366 1902 ἐν
386 1840 472 1919 τούτῳ
494 1843 520 1899 οί
532 1839 693 1916 ’δορυφόροι
712 1843 867 1901 Μασίστεω

69 1931 259 2005 προέστησαν·
303 1929 319 1989 ό
345 1929 377 2011 δὲ
400 1927 568 2007 Ξειναγόρης
599 1932 686 1987 ταῦτα
718 1929 866 2010 ἐργάσατο,

69 2017 171 2095 χάριτα
203 2016 279 2094 αὐτῷ
300 2043 331 2081 τε
358 2016 497 2092 Μασίστῃ
527 2015 668 2090 τιθέμενος
692 2016 741 2079 ,καὶ
767 2015 865 2093 Ξέρξδ,

71 2106 196 2176 ἐκσώζων
208 2104 259 2165 τόν
272 2103 411 2179 α’δελφεόν
423 2101 472 2168 τόν
486 2103 599 2168 ἐκείνου·
621 2103 666 2160 καὶ
680 2102 725 2161 διό
738 2106 821 2162 τοῦτο
833 2102 867 2162 τό

70 2193 149 2274 ἔργον
167 2192 337 2275 Ξειναγόρης
349 2192 486 2274 Κιλικίης
504 2189 690 2301 πάσηςῆρξε,
706 2189 800 2253 δόντος
811 2191 866 2266 βα-

69 2284 175 2348 σιλέος·
208 2284 262 2342 τῶν
284 2281 313 2340 δὲ
335 2307 387 2340 κατ
386 2279 483 2339 ’ὁδον
506 2279 705 2388 πορευομένων,
729 2277 841 2341 ούδέν”
828 2304 867 2338 ετι

69 2371 190 2429 πλέον’
176 2370 285 2450 εγένετο
304 2369 416 2438 τούτων,
435 2360 536 2439 αλλ”
519 2367 694 2427 απικνέονται
713 2371 740 2430 ἐς
756 2365 866 2444 Σάρδις

69 2459 98 2512 ἐν
109 2455 185 2512 δὲ
151 2469 218 2532 τησι
230 2456 373 2568 Σάρδισι’
361 2456 494 2536 ετόγχανε
503 2455 556 2514 ἐων
563 2448 712 2531 βασιλευς,
721 2455 776 2524 ἐξ’
764 2457 867 2515 εκείνου

69 2544 121 2600 τοῦ
142 2541 244 2619 χρόνου
268 2545 330 2602 ἐπεί
346 2569 378 2603 τε
385 2545 432 2612 ἐξ
448 2537 594 2647 Ἀθηνέων,
613 2545 812 2621 προσπταίσας
832 2548 868 2622 τῇ
901 2560 904 2564 ’

70 2627 218 2711 ναυμαχίη,
232 2628 359 2709 φυγων’
341 2629 464 2688 απίκετο.

111 2715 180 2779 Τοτε
194 2716 249 2776 δὲ’
236 2742 268 2776 εν
270 2720 346 2798 τῇσι
360 2715 524 2792 Σάρδισι’
491 2743 541 2783 εων
553 2715 609 2794 Ιόίρα
622 2692 677 2797 ἤρα
689 2724 739 2796 τῆς
752 2719 846 2781 Μασί-
858 2721 915 2780 108

70 2833 143 2867 στευ
155 2802 292 2887 γυναικός,
307 2802 407 2878 ἐούσης
422 2804 468 2862 καὶ
485 2803 586 2881 ταύτης
602 2807 771 2868 ἐνθαῦτα·
750 2835 785 2870 ως
799 2808 868 2867 δέ
842 2833 869 2866 οι

18 2903 21 2907 ’
70 2894 285 2972 προσπέμποντι
316 2888 366 2950 ούκ
400 2889 512 2957 ἐδύνατο
544 2895 775 3002 κατεργασθῆναι,
805 2892 869 2953 ούδὲ

70 2984 138 3059 βίην
156 2981 325 3060 προσέφερε,
338 2978 613 3056 προμηθεόμενος
581 3006 631 3040 τον
649 2979 787 3053 ἀδελφεόν
805 2985 868 3040 Μα-

71 3071 188 3182 σίστην·
204 3069 293 3135 τωυτο
284 3068 347 3128 δέ
368 3092 453 3126 τουτο
467 3067 539 3228 ξεῖχε
554 3068 607 3126 καὶ
623 3091 674 3140 την
691 3069 821 3143 ηυνιίικα
845 3068 878 3122 εἷς

69 3184 131 3267 γαρ
137 3157 273 3218 ἐπίστατο
284 3153 400 3236 βίης’
368 3181 402 3218 ου
415 3155 584 3243 τευξομένη
605 3145 913 3217 ἐνδαυταδηῖιέςὶλῖ

60 3244 213 3324 ἐργόμενος
224 3249 285 3309 τῶν
297 3245 415 3320 ἄλλων,
429 3246 572 3326 πρήσσει
584 3242 638 3304 τδν
653 3238 755 3318 ηαμου
769 3245 882 3286 τουτον
897 3223 945 3284 τῧὶ
