2024 3450
78 96 186 160 91-98]
390 97 575 145 ΠΟΛΤΜΝῙΑ.
834 93 878 143 157

79 177 127 236 κόν
156 177 239 246 ἔθνος,
264 174 381 252 ὕστερον
409 175 438 232 δὲ
464 175 585 234 Ἰωνικόν
609 174 714 249 ἐκλήθη
738 173 808 233 κατά
831 173 880 232 τόν

79 264 162 324 αὐτόν
186 263 274 345 λόγον
302 264 348 321 καὶ
373 266 399 321 οἱ
424 262 642 324 δυωδεκαπόλιες
661 261 752 324 Ἰωνες
780 265 806 320 οἱ
833 259 879 320 ἀπ’

78 352 222 427 Ἀθηνέων.
266 352 381 412 Αἰολέες
409 351 437 408 δέ
462 350 594 424 ἐξήκοντα
619 351 680 411 νέας
704 350 981 427 παρείγ(οντο,Λνιιιλι

79 440 279 515 ἐσκευασμένοι
297 466 327 497 τε
348 439 382 500 ὦς
396 438 535 512 Ἕλληνες
557 438 602 494 καὶ
623 437 656 496 τό
675 437 764 494 πάλαι
784 436 879 496 καλεό-

78 554 156 604 μενοι
170 527 328 606 Πελασγοὶ,
350 525 384 587 ὦς
401 524 546 599 Ἑλλήνων
565 525 660 605 λόγος.
703 523 880 598 Ἑλλησπόν·
892 538 978 592 Hostes

77 641 132 673 τιοι
154 615 190 684 δέ,
212 613 288 689 πλην
309 612 480 687 Ἀβυδηνῶν·
503 611 699 691 (Ἀβυδηνοῖσι
718 611 772 690 γάρ
791 638 878 687 προσ·
907 627 981 680 tia-15

80 704 206 762 ετέτακτο
221 707 250 758 ἐκ
264 701 411 776 βασιλέος,
424 700 496 759 κατοὶ
509 699 603 779 χώρην
616 701 741 774 μένουσι,
752 699 879 773 φύλακας

80 790 148 848 εἶναι
168 793 223 847 τῶν
244 788 408 869 γεφυρέων)
430 790 457 847 οἱ
479 787 508 845 δέ
530 788 626 846 λοιποὶ
649 792 678 844 ἐκ
698 792 747 846 τοῦ
768 786 879 845 Πόντου

80 873 302 953 στρατευόμενοι,
325 877 491 955 παρείχοντο
512 877 564 952 μὲν
582 874 678 933 ἑκατόν
699 875 768 944 νέας,
787 879 879 932 ἐσκευ-

80 965 245 1040 ασμένοιδέ
263 963 338 1040 ἦσαν
357 963 546 1039 ὦςἜλληνες.
590 961 666 1022 οὗτοι
680 963 709 1021 δὲ
721 961 819 1022 Ἰάνων
833 962 878 1021 καὶ

81 1054 206 1130 Δωριέων
227 1052 344 1112 ἄποικοι
455 1070 458 1075 “

117 1140 307 1218 Ἐπεβάτευον
320 1141 350 1200 δέ
364 1140 410 1200 ἐπὶ
422 1141 536 1202 πασέων
549 1145 604 1201 τῶν
621 1144 688 1200 νεῶν
706 1142 819 1216 Πέρσαι
834 1141 879 1199 καὶ
888 1143 925 1200 96

79 1230 172 1306 Μῆδοι
183 1231 229 1289 καὶ
240 1229 337 1295 Σάκαι.
361 1230 464 1288 τούτων
476 1230 504 1287 δέ
515 1229 618 1306 άριστα
629 1228 773 1290 πλεούσας
786 1231 879 1305 παρεί-

77 1346 161 1396 χοντο
176 1320 238 1382 νέας
248 1319 380 1386 Φοίνικες,
392 1318 438 1374 καὶ
448 1319 581 1376 Φοινίκων
593 1316 726 1379 Σιδώνιοι.
754 1316 880 1375 τούτοισι

78 1411 158 1475 πᾶσι,
178 1407 223 1464 καὶ
243 1410 319 1465 τοῖσι
340 1410 367 1466 ἐς
386 1404 436 1463 τόν
456 1404 540 1473 πεζόν
562 1405 758 1483 τεταγμένοισι
782 1401 878 1477 αὐτῶν,

79 1497 187 1567 ἐπῆσαν
206 1492 351 1552 ἑκάστοισι
369 1491 513 1569 ἐπιχώριοι
527 1488 670 1570 ἡγεμόνες·
695 1495 749 1548 τῶν
769 1490 830 1569 ἐγω,
847 1490 879 1549 οὗ

78 1580 132 1659 γάρ
146 1579 282 1660 ἀναγκαίη
297 1579 443 1658 ἐξέργομαι
458 1583 484 1639 ἐς
499 1577 623 1653 ἱστορίης
636 1577 731 1656 λόγον,
748 1577 779 1635 οὐ
792 1604 879 1653 παρα·

77 1668 237 1757 μέμνημαι·1
251 1665 381 1745 οὔτεγὰρ
402 1666 415 1722 ἐ
433 1691 492 1728 νεος
512 1663 631 1722 ἑκάστου
646 1665 753 1734 ἐπάξιοι
766 1665 839 1739 ἦσαν
853 1669 880 1724 οἱ

78 1754 219 1834 ἡγεμόνες,
238 1755 266 1814 ἐν
285 1779 316 1813 τε
334 1753 405 1811 ἔθνεϊ
424 1752 532 1831 ἐκοίοτιρ
552 1751 670 1829 ὅσαιπερ
690 1753 794 1823 πόλιες,
813 1780 879 1812 τοσ-

79 1847 155 1902 οῦτοι
178 1843 224 1901 καὶ
248 1841 382 1923 ἡγεμόνες
403 1840 486 1917 ἦσαν·
511 1842 621 1900 εἵποντο
658 1845 670 1900 ἐ
690 1842 725 1905 ὦς
743 1841 774 1901 οὔ
791 1870 879 1920 στρα-

78 1931 166 2012 τηγοὶ,
184 1930 249 1989 ἀλλ’
271 1930 365 2006 ὥσπερ
387 1933 413 1987 οἱ
434 1928 519 1988 ἄλλοι
537 1931 752 2006 στρατευόμενοι
773 1932 878 1990 δοῦλον

78 2020 137 2078 ἐπεὶ
162 2019 319 2100 στρατηγοί
339 2045 369 2077 τε
392 2022 418 2076 οἱ
441 2018 474 2077 τό
496 2023 552 2077 πᾶν
575 2019 682 2096 ἔχοντες
711 2018 810 2095 κράτος
835 2021 880 2077 καὶ

78 2107 209 2188 ἄρχοντες
235 2113 289 2168 τῶν
317 2107 415 2166 ἐθνέων
443 2106 574 2176 ἑκάστων,
602 2106 666 2165 ὅσοι
691 2106 779 2165 αὐτῶν
806 2105 880 2181 ἦσαν

79 2198 198 2274 Πέρσαι,
213 2196 334 2274 εἰρέαταί
345 2221 403 2272 μοι.
438 2201 494 2253 Τοῦ
508 2196 537 2252 δέ
552 2200 679 2254 ναυτικοῦ
694 2194 880 2275 ἐστρατήγεον
889 2196 925 2254 97

78 2286 143 2343 οἶδε·
164 2285 348 2365 Ἀριαβίγνης
367 2311 398 2343 τε
419 2278 585 2359 ὁΔαρείου,
604 2285 649 2342 καὶ
667 2283 843 2359 Πρηξάσπης
864 2283 879 2342 ὁ

77 2371 260 2443 Ἀσπαθίνεω,
271 2374 316 2432 καὶ
327 2371 500 2453 Μεγάβαζος
511 2372 526 2430 ὁ
536 2372 721 2453 Μεγαβάτεω,
732 2372 776 2429 καὶ
784 2371 879 2449 Ἀχαι-

78 2462 161 2536 μένης
172 2461 186 2518 ὁ
198 2462 327 2537 Δαρείου·
344 2465 394 2535 τῆς
404 2462 455 2536 μὲν
463 2459 552 2523 Ἰάδος
562 2486 592 2519 τε
604 2460 650 2518 καὶ
659 2465 785 2537 Καρικῆς
795 2487 879 2536 στρα-

78 2551 138 2622 τιῆς
147 2547 337 2628 Ἀριαβίγνης,
352 2547 367 2607 ό
383 2549 501 2624 Δαρείου
512 2575 542 2607 τε
553 2552 617 2610 παῖς
629 2550 674 2607 καὶ
684 2555 734 2623 τῆς
742 2548 879 2624 Γωβρύεω

80 2634 224 2716 θυγατρός·
259 2635 418 2716 Αἰγυπτίων
448 2636 477 2694 δέ
509 2636 677 2716 ἐστρατήγεε
702 2636 878 2715 Ἀχαιμένης,

79 2723 186 2800 Ξέρξεω
203 2722 253 2782 ἐῶν
272 2721 318 2782 ἀπ’
332 2721 497 2800 ἀμφοτέρων
514 2723 660 2799 ἀδελφεός·
682 2729 732 2799 τῆς
746 2724 776 2782 δὲ
789 2724 880 2798 ἄλλης

78 2815 212 2889 στρατιῆς
228 2809 415 2891 ἐστρατήγεον
430 2814 455 2869 οἱ
470 2812 528 2870 δύο.
569 2812 757 2889 τριηκόντεροι
776 2812 814 2880 δέ,
834 2811 880 2893 καί

78 2898 296 2977 πέντηκόντεροι,
314 2899 359 2958 καὶ
381 2899 531 2976 κέρκουροι,
554 2901 600 2958 καὶ
621 2898 771 2980 ἱππαγωγά
791 2902 879 2957 πλοῖα

77 2988 171 3064 μακροὶ
189 2987 362 3048 συνελθόντα
376 2992 403 3050 ἐς
416 2986 465 3046 τόν
479 2987 597 3065 οἶριθμδν
617 2986 713 3061 ἐῴάνιχ
724 2985 892 3059 τρισγάλκκυ.

78 3079 138 3134 Τῶν
156 3077 187 3134 δέ
206 3075 399 3138 ἐπιπλεόντων
423 3075 497 3155 μετά
513 3103 550 3158 γε
568 3075 637 3135 τοὺς
651 3065 841 3166 mmm&
854 3061 971 3113 ἅδ’-ᾖ

67 3159 143 3234 ἦσαν
178 3167 207 3224 οἶ
237 3165 492 3247 ὀνομαστότατοι·
528 3163 680 3231 Σιδόνιος
701 3156 952 3224 wpumffiffi

59 3245 195 3381 'affdtrlogh
216 3256 271 3317 καὶ
287 3257 401 3338 Τύριος
421 3257 545 3334 Μάττην
564 3248 731 3328 Σιρώμω,
754 3225 827 3293 ταῖς·
843 3213 981 3291 δεφὲςὶςως
