2024 3450
114 119 162 167 ιιι
420 116 604 166 Ἤτοιοοος
826 117 921 184 [vm

114 196 160 255 καὶ
173 194 295 272 Κύπριοι
308 195 354 255 καὶ
368 196 483 260 Κίλικες
502 198 548 256 καὶ
561 197 730 276 Πάμφυλοι,
742 200 801 260 τῶν
814 197 926 278 ὄφελός

66 284 176 342 69ἐστι
203 281 307 344 ούδέν.”
360 289 454 344 Ταῦτα
479 284 621 365 λεγούσης
649 284 721 364 πρός
746 287 924 364 Μαρδόνιον,

114 369 178 430 ὅσοι
204 374 255 448 μέν
281 370 354 447 ἦσαν
389 371 477 432 εὔνοοι
506 377 542 450 τῇ
567 372 734 454 Ἀρτεμισίῃ
764 377 926 454 συμφορήν

114 465 255 520 ἐποιεῐντο
268 460 332 523 τούς
345 460 455 540 λόγους,
471 458 505 522 ὥς
524 460 608 520 κακόν
621 487 649 520 τι
665 464 839 540 πεισομένης
852 466 926 541 πρίς

114 550 261 626 βασιλέος,
286 549 329 608 ὅτι
352 548 401 607 οὐκ
424 551 456 627 ἐᾷ
478 549 634 626 ναυμαχίην
656 550 816 610 ποιέεσθαι·
845 555 874 611 οἱ
896 553 926 612 δέ

115 636 280 719 ἀγαιόμενοί
290 663 321 697 τε
335 638 380 695 καὶ
394 636 560 711 φθονέοντες
575 635 653 716 αύτή,
669 635 718 696 ἅτε
737 642 767 696 ἐν
780 639 926 716 πρώτοισι

114 727 296 804 τετιμημένης
316 725 361 784 διά
381 723 491 782 πάντων
510 726 565 782 τῶν
585 723 751 803 συμμάχων,
769 727 925 803 ἐτέρποντο

60 861 62 865 .
114 818 151 893 τῇ
170 815 254 891 κρίσι,
274 813 309 877 ὦς
324 811 515 887 ἀπολεομένης
531 811 623 887 αύτῆς.
666 812 727 871 ἐπεὶ
746 812 776 871 δέ
794 813 925 896 ἀνηνείχ-

116 902 208 976 θησαν
234 906 263 961 αί
289 905 397 982 γνῶμαι
421 904 448 962 ἐς
471 899 585 976 Ξέρξεα,
610 899 697 976 κάρτα
724 926 755 959 τε
781 900 865 980 ἥσθη
889 909 925 984 τῇ

115 987 211 1066 γνιόμῃ
231 993 281 1064 τῆς
301 987 488 1064 Ἀρτεμισίης,
510 986 557 1044 καὶ
580 988 696 1063 νομίζων
720 989 761 1047 ἐτι
781 990 926 1068 πρότερον

115 1075 272 1151 σπουδαίην
285 1075 363 1145 εἶναι,
376 1074 440 1134 τότε
453 1079 553 1154 πολλῷ
570 1080 684 1152 μᾶλλον
697 1077 780 1137 αἴνεε·
803 1077 882 1155 ὅμως
895 1081 925 1140 δὲ

115 1167 192 1222 τοῖσι
220 1165 325 1223 πλέοσι
355 1163 504 1222 πείθεσθαι
531 1165 639 1223 ἐκέλευε
665 1163 738 1232 τάδε,
766 1167 926 1238 καταδόξας

98 1251 187 1330 ,πρός
198 1255 249 1331 μὲν
262 1250 373 1330 Εὖβοίῃ
387 1251 479 1327 σφέας
495 1251 683 1310 ἐθελοκακέειν
702 1250 737 1315 οἷς
754 1251 786 1312 ού
804 1245 924 1333 παρεόν-

114 1367 163 1404 τος
178 1341 272 1402 αότοῦ·
291 1340 355 1400 τότε
374 1341 403 1400 δὲ
423 1338 505 1401 αὐτὸς
522 1338 735 1416 παρεσκεύαστο
758 1341 926 1416 θεήσασθαι

116 1431 331 1510 ναυμαχέοντας.
643 1421 646 1427 ⁴

68 1518 106 1577 70
156 1517 270 1594 Ἐπειδὴ
291 1519 321 1577 δὲ
340 1518 541 1600 παρήγγελλον
559 1514 723 1586 ἀναπλάειν,
742 1513 853 1597 ἀνῆγον
874 1521 926 1583 τάς

116 1609 183 1682 νῆας
200 1607 246 1665 ἐπὶ
264 1607 316 1682 τήν
336 1608 492 1684 Σαλαμῖνα,
509 1606 555 1665 καὶ
575 1604 786 1681 παρεκρίθησαν
807 1605 925 1688 διαταχ-

117 1694 208 1756 θέντες
234 1693 293 1753 κατ’
313 1693 444 1772 ήσυχίην.
485 1694 549 1754 τότε
571 1694 624 1770 μέν
644 1717 691 1751 νυν
712 1690 761 1751 οὐκ
782 1691 926 1773 ἐξέχρησέ

116 1787 173 1855 σφι
189 1781 208 1856 ή
225 1781 316 1857 ήμέρη
333 1784 489 1861 ναυμαχίην
505 1782 691 1857 ποιήσασθαι·
716 1778 767 1849 νύξ
783 1780 842 1859 γάρ
862 1788 925 1842 έπε-

115 1869 219 1949 γένετο·
255 1871 281 1927 οἱ
308 1869 337 1927 δὲ
363 1871 603 1947 παρεσκευάζοντο
630 1863 657 1931 ἐς
682 1867 734 1944 τήν
757 1867 924 1948 ὕστεραίην.

115 1956 180 2021 τοῦς
203 1957 233 2017 δὲ
254 1955 398 2034 Ἕλληνας
425 1958 484 2039 εἶχε
510 1959 570 2020 δέος
590 1983 621 2017 τε
645 1957 691 2015 καὶ
713 1955 844 2032 ἀρρωδίη,
871 1958 924 2019 οὐκ

115 2045 219 2121 ήκιστα
239 2047 269 2107 δὲ
288 2047 352 2111 τούς
372 2045 429 2107 ἀπό
450 2045 684 2120 Πελοποννήσου·
719 2042 861 2120 ἀρρώδεον
882 2047 920 2121 δέ,

115 2133 159 2193 ὅτι
177 2135 255 2195 αὐτοὶ
272 2138 324 2213 μὲν
342 2140 371 2194 ἐν
390 2137 530 2211 Σαλαμῖνι
549 2132 698 2209 κατήμενοι
718 2130 787 2207 ὑπὲρ
803 2135 858 2212 γῆς
871 2139 925 2209 τῆς

114 2219 268 2297 Ἀθηναίων
291 2223 456 2300 ναυμαχέειν
477 2223 619 2298 μέλλοιεν·
651 2218 806 2295 νικηθέντες
826 2243 869 2290 τε,
893 2226 924 2281 ἐν

115 2308 192 2386 νήσῳ
212 2307 446 2383 ἀπολαμφθέντες
466 2307 706 2384 πολιορκήσονται
730 2305 846 2370 ἀπέντες
869 2308 924 2385 τήν

116 2397 221 2454 ἑωυτῶν
234 2393 406 2469 ἀφύλακτον.

68 2483 103 2544 71
155 2485 217 2543 Τῶν
240 2481 270 2541 δέ
296 2481 453 2559 βαρβάρων
476 2482 491 2541 ὁ
512 2482 595 2552 πεζὸς
616 2481 671 2542 ι’·πδ
687 2481 739 2557 τήν
755 2485 923 2558 παρεοῦσαν

114 2568 199 2630 νύκτα
217 2569 363 2648 ἐπορεύετο
382 2571 427 2630 ἐπὶ
444 2569 497 2646 τήν
514 2570 745 2647 Πελοπόννησον·
776 2571 867 2630 καίτοι
884 2573 923 2633 τοῖ

114 2655 216 2716 δυνατὰ
232 2657 325 2719 πάντα
343 2659 546 2737 ἐμεμηχάνητο,
568 2657 638 2722 ὅκως
659 2656 718 2717 κατ’
739 2656 854 2733 ήπειρον
877 2658 922 2735 μή

114 2742 268 2819 ἐσβάλοιεν
281 2748 308 2805 οἶ
320 2744 474 2824 βάρβαροι
518 2745 553 2809 ὦς
570 2746 626 2827 γάρ
645 2746 780 2806 ἐπύθοντο
793 2744 923 2824 τάχιστα

115 2832 341 2910 Πελοποννήσιοι
353 2833 417 2896 τούς
431 2832 506 2912 ἀμφὶ
518 2834 656 2894 Λεωνιδεα
669 2839 698 2895 ἐν
712 2831 923 2911 Θερμοπύλῃσι

113 2922 344 2998 τετελευτηκέναι,
360 2922 564 2999 συνδραμόντες
582 2927 612 2980 ἐκ
629 2925 684 2982 τῶν
701 2921 808 2981 πολίων
827 2925 855 2983 ἐς
867 2921 922 2982 τδν

113 3009 231 3087 Ἰσθμόν
244 3010 344 3081 ἵζοντο·
360 3010 407 3069 καί
419 3016 475 3084 σφι
489 3014 558 3084 ἐπήν
572 3008 730 3090 στρατηγός
745 3006 920 3084 Κλεόμβρο-

111 3098 186 3163 τοςά
196 3096 421 3178 Ἀναξανδρίδεω,
432 3099 573 3158 Λεωνίδεω
584 3099 615 3157 δὲ
627 3096 772 3172 ἀδελφεός·
795 3093 921 3168 ἱζόμενοι

97 3188 133 3248 δέ
152 3193 184 3250 ἐν
207 3193 248 3272 τῷ
273 3188 386 3272 Ἰσθμῷ
408 3189 457 3250 καὶ
480 3186 685 3271 συγχώσαντες
704 3181 755 3254 τὴν
774 3179 938 3277 nuptm&

83 3275 165 3351 ὁδόν,
195 3280 279 3361 μετὰ
307 3286 409 3356 τοῦτο,
434 3279 474 3349 ὥς
499 3282 563 3356 σῷἱ
588 3269 671 3339 3303*
699 3266 957 3343 sswmfflmmm‘
