2024 3450
90 103 199 168 59-63]
394 101 598 151 νοννικονιι.
866 103 897 150 τι

89 186 206 265 ἰσχυρόν
227 184 259 244 οῦ
279 181 435 261 προεχάρεε
457 181 579 250 κάτοδος,
599 178 677 239 άλλά
697 178 890 256 προσέπταιον

87 273 217 352 μεγάλως
235 271 400 348 πειρώμενοι
419 270 540 329 κατιέναι
556 294 587 326 τε
604 267 650 328 καὶ
664 267 828 342 ἐλευθεροῦν
842 265 891 328 τάς

88 358 216 435 Ἀθήνας,
234 359 402 436 Λειψύδριον
417 357 450 416 τό
469 356 538 433 ῦπέρ
557 353 891 431 Παιονίηςτειχίσαντες·

88 448 207 508 ἐνθαῦτα
220 451 247 507 οἱ
259 446 476 524 Ἀλκμαιωνίδαι
492 449 548 503 πᾶν
565 444 610 502 ἐπὶ
628 446 705 501 τοῖσι
719 448 895 518 ’Πεισιστραι

88 535 182 613 τίδῃσι
201 534 405 614 μηχανώμενοι,
430 531 495 611 παρ’
519 528 731 608 Ἀμφικτυόνων
753 527 802 588 τόν
825 529 891 605 νηόν

87 625 256 697 μισθοῦνται
269 622 320 682 τόν
336 627 366 681 ἐν
383 619 599 696 Δελφοῖσι-τόν
617 621 665 677 νῦν
681 616 763 676 ε’όντα
780 615 845 675 τότε
862 617 892 674 δὲ

89 709 169 780 οὔκω,
190 715 289 770 τοῦτον
311 709 534 785 ἐξοικοδομῆσαι·
566 707 611 766 οἶα
633 706 662 764 δέ
686 703 835 784 χρημάτων
863 704 892 764 εῦ

89 797 201 871 ἥκοντες
218 798 264 855 καὶ
281 796 371 859 ἐόντες
387 795 483 873 ἄνδρες
499 795 608 871 δόκιμοι
625 793 758 854 άνέκαθεν
777 793 824 862 ἐτι,
842 792 892 852 τόν

88 910 119 943 τε
133 885 200 960 νηόν
214 885 401 966 ἐξεργάσαντο
415 888 465 945 τοῦ
478 884 702 964 παραδείγματος
716 881 841 951 κάλλιον,
855 879 891 940 τά
908 879 911 886 ’

88 998 119 1030 τε
133 971 210 1030 ἅλλα
224 973 270 1030 καὶ
284 974 465 1053 συγκειμένου
485 978 541 1047 σφι
559 971 678 1048 πωρίνου
694 970 776 1029 λίθου
790 970 892 1031 ποιέειν

87 1059 136 1118 τόν
157 1059 232 1135 νηόν,
248 1061 356 1137 Παρίου
377 1060 414 1119 τά
434 1060 594 1136 ἔμπροσθεν
610 1057 694 1118 αὐτοῦ
713 1058 890 1133 ἐξεποίησαν.

87 1147 136 1209 Ὡς
152 1147 189 1207 ὧν
206 1147 240 1224 δη
257 1151 284 1207 οἱ
300 1147 445 1224 Ἀθηναῖοι
461 1149 588 1230 λέγουσι,
606 1146 682 1206 οὗτοι
703 1150 728 1206 οἱ
746 1144 841 1224 ἄνδρες
862 1152 891 1206 ἐν
901 1149 936 1205 63

88 1240 233 1311 Δελφοῖσι
243 1234 393 1312 κατήμενοι
406 1235 552 1296 ἀνέπειθον
567 1234 620 1311 την
634 1236 744 1310 Πυθίην
753 1233 890 1311 χρήμασι,

87 1321 156 1386 όκως
178 1324 285 1384 ἔλθοιεν
307 1323 500 1400 Σπαρτιητέων
523 1322 617 1400 ἅνδρες
640 1323 693 1382 ε’ίτε
718 1323 774 1400 ἰδίῳ
796 1321 890 1399 στόλῳ

88 1411 142 1469 εἴτε
155 1411 281 1488 δημοσίῳ
292 1410 472 1488 χρησόμενοι,
484 1412 636 1486 προφέρειν
647 1416 702 1485 σφι
713 1409 763 1471 τάς
772 1408 892 1482 Ἀθήνας

88 1499 261 1574 ἐλευθεροῦν.
302 1496 517 1571 Λακεδαιμόνιοι
538 1498 575 1565 δέ,
599 1496 633 1558 ὤς
654 1503 709 1570 σφι
731 1497 783 1556 αἰεὶ
803 1494 890 1555 τωῦτό

88 1582 252 1658 πρόφαντον
268 1584 385 1660 ἐγένετο,
399 1587 544 1657 πέμπουσι
557 1582 742 1662 Ἀγχιμόλιον
759 1581 808 1640 τόν
824 1581 891 1640 Ἀσ·

88 1669 175 1746 τέρος,
191 1669 272 1729 ἐόντα
285 1673 339 1729 τιῦν
358 1669 451 1728 άστῶν
470 1668 557 1745 ἄνδρα
574 1669 697 1748 δόκιμον,
713 1668 766 1730 σῦν
781 1674 891 1749 στρατῷ

89 1757 226 1825 ἐξελῶντα
240 1757 476 1833 Πεισιστρατιδας
490 1757 520 1826 ἐξ
532 1756 678 1832 Ἀθηνέων,
689 1756 762 1833 ὅμως
776 1757 821 1816 καὶ
839 1757 891 1826 ξει-

89 1844 162 1908 νίους
182 1852 238 1921 σφι
263 1844 357 1908 ἐόντας
379 1844 419 1905 τοὶι
437 1845 574 1922 μάλιστα·
606 1846 641 1904 τά
666 1845 799 1926 γάρτοῦ
825 1846 890 1905 θεοῦ

88 1932 269 2011 ,πρεσβύτερα
288 1937 430 1993 ἐποιεῦντο
448 1931 467 2010 ἢ
482 1933 518 1993 τοὶ
534 1938 589 1993 τῶν
602 1933 717 2011 ἀνδρῶν·
745 1935 891 2015 πέμπουσι

88 2019 117 2079 δέ
142 2020 255 2102 τούτους
277 2021 346 2081 κατά
370 2019 522 2082 θάλασσαν
545 2023 683 2081 πλοίοισι.
738 2021 754 2082 ό
777 2025 829 2098 μέν
856 2022 890 2099 δὴ

87 2109 223 2188 προσχιῦν
237 2115 264 2173 ἐς
277 2109 418 2187 Φάληρον,
432 2108 484 2184 τὴν
500 2109 635 2188 στρατιήν
651 2110 793 2187 αἷπέβησε·
815 2113 841 2168 οἱ
859 2110 888 2168 δέ

88 2198 321 2274 Πεισιστρατίδαι
331 2197 589 2274 προπυνθανόμενοι
598 2202 694 2267 ταῦτα,
706 2198 890 2257 ἐπεκαλέοντο

88 2289 117 2342 ἐκ
131 2287 295 2360 Θεσσαλίης
316 2285 484 2362 ἐπικουρίην·
506 2287 655 2361 ἐπεποίητο
669 2284 723 2366 γάρ
743 2292 799 2361 σφι
819 2311 889 2362 συμ-

86 2373 175 2450 μαχίη
196 2372 267 2450 πρός
289 2372 397 2435 αὐτούς·
427 2375 576 2432 Θεσσαλοὶ
598 2374 630 2432 δέ
653 2382 709 2450 σφι
733 2373 890 2450 δεομένοισι

87 2458 263 2538 ἀπέπεμψαν,
278 2464 355 2538 κοινῇ
365 2459 462 2540 γνωμῃ
476 2459 635 2539 χρεόμενοι,
650 2463 746 2541 χιλίην
759 2488 790 2521 τε
804 2462 890 2522 ἵππον

88 2548 134 2606 καὶ
148 2548 198 2607 τόν
215 2549 343 2623 βασιλέα
360 2547 409 2608 τόν
429 2550 570 2626 σφέτερον
591 2550 703 2625 Κινέην,
724 2548 810 2626 ἄνδρα
831 2556 887 2609 Κο-

86 2637 184 2694 νιαῖον·
212 2635 277 2698 τοῦς
298 2636 360 2695 ἐπεί
377 2663 410 2696 τε
430 2637 516 2716 ἔσχον
541 2637 708 2716 συμμάχους
736 2640 763 2697 οἶ
790 2643 888 2698 Πεισι-

86 2723 241 2800 στρατίδαι,
261 2724 434 2802 ἐμηχανέατο
448 2724 551 2787 τοιάδε·
569 2726 710 2803 ’κείραντες
722 2730 777 2786 τῶν
790 2730 884 2802 Φαλη-

85 2810 154 2887 ρέων
169 2810 203 2870 τό
222 2812 325 2886 πεδίον,
350 2813 396 2871 καὶ
417 2810 576 2888 ἱππάσιμον
598 2813 766 2889 ποιήσαντες
789 2818 888 2874 τοῦτον

85 2898 134 2958 τόν
163 2904 264 2978 χῶρον,
296 2904 401 2975 ἐπῆκαν
431 2904 469 2979 τῷ
500 2900 680 2981 στρατοπέδῳ
706 2902 758 2978 τήν
792 2902 886 2963 ἵππον·

86 2989 251 3061 ἐμπεσοῦσα
281 2988 310 3046 δὲ
335 2989 474 3064 διέφθειρε
499 2988 604 3052 άλλους
631 3015 662 3049 τε
685 2988 811 3052 πολλοῦς
831 2994 886 3048 τῶν

85 3075 309 3151 Λακεδαιμονίων
336 3078 381 3136 καὶ
409 3075 443 3152 δὴ
466 3078 511 3134 καὶ
537 3076 591 3136 τόν.
606 3077 812 3159 Ἀγχιμόλιον,
829 3076 902 3132 πόλις

85 3161 116 3219 δέ
144 3165 372 3245 περιγενομένους
404 3165 499 3227 αὐτῶν
530 3171 558 3231 ἐς
586 3165 641 3229 τδς
662 3167 733 3225 νέας
768 3155 929 3252 κατἐρίξν·

73 3245 96 3305 θ’
108 3250 167 3324 μέν
190 3251 228 3329 ὃν)
251 3258 370 3332 πρῶτος
394 3255 513 3323 στόλος
541 3262 575 3317 ἐκ
612 3248 847 3321 λακεδαὶμυνῦἳ
873 3253 957 3290 ‘'W’‘
