2024 3450
128 108 160 162 το
432 108 613 157 ἯΡοΔοτοο
861 108 924 174 [VJ.

74 178 77 183 Ι
128 188 174 246 καὶ
194 187 302 246 ἐποίευν
322 186 384 246 ἀντὶ
403 186 471 246 εἶναι
487 186 613 265 ἐνόρχιας
626 184 780 265 εὐνούχους,
794 187 840 245 καὶ
854 214 925 266 παρ-

128 274 222 335 θένους
234 272 284 336 τάς
297 273 539 345 καλλιστςυούσας
555 272 754 336 ἀνασπάστους
774 274 851 350 παρά
870 277 927 351 βα·

126 361 219 419 σιλέα·
240 360 376 421 ταῦτάτε
394 360 428 436 δή
451 360 559 420 ἐποίευν
573 361 618 418 καὶ
631 359 681 422 τάς
694 359 796 424 πόλιας
817 364 925 440 ἐνεπίμ-

49 516 54 525 .
128 472 243 523 πρασαν
264 447 375 507 αύτοϊσϊ
396 451 472 508 τοῖσι
495 450 590 525 ἱροῖσι,
631 446 702 506 οὕτω
726 448 755 505 δὲ
775 448 809 508 τό
831 451 926 526 τρίτον

58 581 64 591 .
122 532 214 598 Ἴωνες
227 535 483 612 κατεδουλώθησαν,
498 538 609 612 πρώτον
625 537 677 611 μὲν
695 534 750 595 ύπό
764 536 869 607 Λυδών,
884 538 934 615 δὶςΙ

126 621 156 681 δέ
176 623 274 698 ἐπεξῆς
293 622 358 683 τότε
377 623 431 683 ύπὸ
452 624 596 700 Περσέων.

17 708 25 725 '
78 711 116 767 33
166 709 239 770 Ἀπὸ
254 711 284 768 δέ
290 709 394 786 Ἰωνίης
401 709 660 785 ἀπαλλασσόμενος
673 708 689 768 ό
704 708 830 773 ναυτικὸς
839 738 924 789 στρα-

124 795 172 860 τός
191 797 227 856 τά
248 796 290 855 ἐπ’
311 796 445 873 ἀριστερὰ
466 797 616 855 ἐσπλέοντι
636 799 686 856 τοῦ
706 794 924 870 Ἑλλησπόντου

125 886 200 960 αἵρεε
212 882 313 943 πάντα·
333 883 369 941 τά
381 882 436 963 γάρ
457 883 502 940 ἐπὶ
540 882 598 950 εξιιϊ
613 882 723 942 αύτοῖσι
737 882 836 965 [τοῖσι]
850 888 923 962 Πέρ·

125 995 196 1047 σησι
216 969 362 1047 ὑποχείρια
378 968 413 1045 ἦν
425 968 561 1049 γεγονότα
582 969 640 1027 κατ’
654 968 777 1046 ἤπειρον.
820 974 875 1031 εἰσὶ
893 974 923 1034 δὲ

125 1062 154 1115 ἐν
166 1059 202 1134 τῇ
214 1054 334 1134 Εὐρώπη
353 1056 413 1114 αϊδε
429 1060 480 1115 τοῦ
492 1055 718 1131 Ἑλλησπόντου·
739 1058 923 1134 Χερσόνησός

124 1168 155 1201 τε
169 1148 198 1202 ἐν
210 1146 246 1220 τῇ
259 1142 355 1205 πόλιες
375 1145 478 1222 συχναὶ
496 1143 589 1217 ἔνεισι,
605 1144 651 1202 καὶ
665 1144 809 1220 Πέρινθος,
825 1147 869 1204 καὶ
885 1148 922 1206 τό

124 1230 219 1309 τείχεα
234 1229 269 1288 τά
287 1230 332 1288 ἐπὶ
345 1231 473 1306 Θρηίκης,
488 1229 534 1287 καὶ
548 1230 696 1306 Σηλυβρίη
710 1256 740 1289 τε
759 1231 804 1288 καὶ
818 1232 921 1303 Βυζάν-

123 1343 191 1377 τιον.
234 1317 379 1388 Βυζάντιοι
398 1319 450 1394 μέν
470 1343 519 1378 νυν
539 1319 585 1376 καὶ
602 1321 628 1376 οἱ
641 1317 760 1394 πέρηθεν
775 1320 920 1396 Χαλκηδό-

115 1431 177 1483 νιοι
195 1404 250 1465 οὐδ’
263 1405 411 1482 ύπέμειναν
431 1406 612 1468 ἐπιπλέοντας
627 1405 694 1467 τούς
704 1406 839 1475 Φοίνικας,
855 1407 923 1469 ἀλλ’.

125 1494 235 1572 οἴχοντο
256 1492 442 1557 α’πολιπόντες
458 1492 509 1570 τήν
522 1495 663 1571 σφετέρην
684 1493 738 1551 ἐσω
760 1498 786 1555 ἐς
806 1493 921 1558 τόνΕύ-

124 1579 212 1648 ξεινον
232 1581 344 1642 πόντον·
364 1584 410 1642 καὶ
432 1584 550 1643 ἐνθαῦτα
571 1581 656 1641 πόλιν
673 1582 866 1657 Μεσαμβρίην
883 1583 920 1641 οϊ-

124 1693 223 1743 κησαν.
266 1674 292 1729 οἶ
314 1671 343 1728 δὲ
365 1672 488 1733 Φοίνικες
509 1669 732 1731 κατακαύσαντες
753 1668 921 1749 ταύταςτὰς

123 1755 215 1833 χώρας
235 1756 285 1819 τάς
308 1759 537 1835 καταλεχθείσας,
559 1756 711 1832 τράπονται
733 1757 781 1814 ἐπί
798 1780 828 1815 τε
845 1764 920 1832 Προ-

86 1886 91 1893 -
124 1841 259 1917 κόννησον
280 1845 326 1900 καὶ
338 1841 485 1917 Ἀρτάκην·
506 1843 573 1917 πυρὶ
585 1843 615 1900 δέ
631 1843 677 1899 καὶ
692 1843 793 1905 ταύτας
814 1845 920 1919 νείμαν-

68 1932 71 1937 ⁴
123 1953 167 1989 τες
186 1929 293 1985 ἐπλωον
311 1926 386 1988 αὖτις
406 1933 432 1988 ἐς
452 1927 503 2001 τὴν
519 1926 711 2002 Χερσόνησον,
727 1929 921 2003 ἐξαιρήσοντες

121 2013 172 2076 τάς
185 2015 345 2075 ἐπιλοίπους
357 2016 412 2072 τών
425 2013 530 2070 πολίων
542 2011 615 2085 Ιὅσας
628 2011 763 2087 πρότερον
780 2019 921 2093 προσχόν-

122 2127 167 2165 τες
190 2101 222 2161 ού
242 2103 406 2175 κατέσυραν.
436 2099 481 2157 ἐπὶ
505 2098 534 2156 δὲ
559 2097 681 2169 Κύζικον
705 2098 767 2157 ούδέ
789 2101 921 2164 ἔπλωσαν

122 2187 222 2267 άρχήν·
242 2188 321 2247 αὐτοὶ
334 2186 388 2266 γάρ
403 2187 554 2260 Κυζικηνοὶ
566 2187 605 2244 ἐτι
618 2186 752 2263 πρότερον
766 2193 816 2247 τοῦ
829 2195 920 2251 Φοινί-

122 2300 175 2333 κων
197 2276 305 2333 ἐσπλου
328 2273 493 2352 ἐγεγόνεσαν
514 2272 569 2333 ύπὸ
590 2276 719 2349 βασιλέϊ,
743 2276 863 2352 Οἰβάρεϊ
881 2284 920 2357 τῷ

122 2359 297 2440 Μεγαβάζου
319 2358 546 2440 ὁμολογήσαντες
558 2366 596 2440 τῷ
610 2367 638 2421 ἐν
653 2365 819 2442 Δασκυλείῳ
833 2364 918 2440 ύπόρ-
938 2376 948 2391 “

120 2472 168 2525 χῳ.
211 2450 261 2521 τῆς
274 2446 303 2504 δὲ
316 2446 508 2524 Χερσονήσου,
523 2448 600 2524 πλὴν
610 2449 734 2524 Καρδίης
747 2451 855 2519 πόλιος,
869 2453 919 2517 τάς

121 2532 212 2596 ἄλλας
231 2533 326 2599 πάσας
346 2536 532 2614 ἐχειρώσαντο
553 2541 579 2596 οἱ
599 2537 731 2599 Φοίνικες.

74 2624 111 2680 34
160 2619 337 2698 Ἐτυράννευε
360 2623 390 2683 δὲ
445 2625 514 2685 τέων
536 2626 620 2702 μέχρι
640 2615 705 2683 τότε
723 2624 881 2700 Μιλτιάδης
901 2626 918 2686 ό

104 2709 249 2785 ,Κίμωνος
269 2715 328 2769 ποῦ’
341 2712 535 2792 Στησαγόρεω,
558 2711 733 2787 κτησαμένου
756 2711 807 2787 τήν
828 2711 918 2790 α’ρχήν

121 2796 224 2871 ταύτην
248 2797 384 2874 πρότερον
405 2799 566 2858 Μιλτιάδεω
589 2801 639 2858 τοῦ
662 2799 797 2875 Κυψέλου
822 2800 936 2879 τρόπῳ.

119 2884 223 2962 τοιῷδε·
252 2885 328 2963 εἶχον
352 2885 495 2965 Δόλογκοι
519 2886 635 2962 Θρήϊκες
658 2885 709 2960 τήν
732 2886 917 2963 Χερσόνησον

118 2971 230 3049 ταύτην.
268 2971 345 3033 οὗτοι
363 2971 399 3031 ὦν
418 2976 445 3030 οἱ
462 2973 605 3052 Δόλογκοι
622 2973 782 3036 πιεσθέντες
802 2976 917 3054 πολέμῳ

104 3058 163 3116 ν’πώ
179 3058 338 3139 Ἄμινθιϊον,
355 3065 383 3124 ἐς
396 3060 533 3138 Δελφούς
555 3061 682 3139 ἔπεμψαν
701 3059 768 3121 τοὺς
783 3063 921 3133 βασιλέως

85 3145 156 3216 ⁷7th
182 3153 239 3208 τού
261 3152 399 3231 πολέμου
421 3152 636 3232 χρησομένους·
666 3147 686 3223 ἢ
709 3147 744 3205 δῖ
761 3144 861 3215 Mb]
881 3150 940 3213 ΨΜ

67 3223 177 3290 dnae
196 3240 346 3320 οἰκιστήν
369 3242 548 3327 ἐπάγεσθαι
571 3240 624 3300 ἐπὶ
643 3235 700 3312 τὴν
722 3227 822 3312 χῶθην
842 3231 959 3288 ‘ww‘
