2024 3450
155 115 202 163 ‘222
464 110 646 160 ἨΡΟΔΟΤΟΥ
865 113 965 178 [VIII.

154 219 204 252 που
216 190 342 251 τάλαντα
354 188 486 271 α’ργυρίου
502 192 576 267 τρία.
619 188 698 250 οὗτοί
708 215 739 250 τε
752 189 786 266 δὴ
803 193 967 273 πληγέντες

154 278 268 355 δάροισι
287 277 521 354 ἀναπεπεισμένοι
547 276 629 353 ἦσαν,
652 279 696 335 καὶ
716 280 793 336 τοῖσι
812 276 964 354 Εὖβοέεσι

155 366 327 445 ἐκεχάριστο·
370 363 452 428 αὐτός
481 390 512 425 τε
538 365 554 424 ὁ
581 366 790 441 Θεμιστοκλέης
822 367 965 446 ἐκέρδηνε,

155 452 289 514 ἐλάνθανε
316 453 345 512 δέ
368 452 403 513 τοὶ
430 446 517 512 λοιπὰ
541 453 619 532 ἔχων·
655 452 720 511 ἀλλ’
747 451 907 527 ἠπιστέατο
938 462 966 518 οἱ

154 541 364 620 μεταλαβόντες
383 539 487 601 τούτων
506 544 561 600 τοῖν
580 539 729 618 χρημάτων
749 545 779 598 ἐκ
799 543 856 601 τοῖν
874 540 966 621 Ἀθη-

155 631 237 689 ναίων
251 631 343 690 ἐλθεῖν
356 629 402 688 ἐπὶ
414 633 453 708 τῷ
466 626 542 708 λόγῳ
555 627 643 707 τούτῳ
656 627 691 686 τά
703 625 845 705 χρήματα.

128 720 145 776 6
197 716 277 777 Οὕτω
291 716 325 793 δή
338 715 501 794 κατέμεινάν
513 741 544 775 τε
558 720 587 775 ἐν
599 719 634 794 τῇ
648 713 766 792 Εὐβοίῃ,
781 714 827 774 καὶ
841 719 965 795 ἐναυμά-

154 830 256 883 χησαν.
300 805 408 885 ἐγένετο
421 803 451 863 δέ
470 801 530 861 ὧδε·
552 802 614 861 ἐπεί
629 827 660 861 τε
676 800 711 877 δὴ
724 806 752 864 ἐς
767 801 818 866 τὰς
830 801 965 880 ἸἈφέτας

154 892 218 968 περὶ
232 891 327 967 δείλην
340 891 445 968 πρωίην
462 890 611 970 γινομένην
629 888 747 949 ἀπίκατο
761 892 788 948 οἱ
800 889 962 969 βάρβαροι,

155 978 308 1054 πυθόμενοι
320 979 426 1054 μὲν-ἐτι
439 979 485 1036 καὶ
503 976 639 1055 πρότερον
650 977 715 1055 περὶ
732 976 765 1036 τό
777 975 964 1056 Ἀρτεμίσιον

155 1065 317 1144 ναυλοχέειν
336 1067 399 1128 νέας
417 1064 584 1140 Ἑλληνιδας
611 1064 717 1145 ὀλίγας,
737 1063 801 1124 τότε
827 1065 858 1125 δὲ
879 1066 964 1128 αὐτοὶ

156 1151 265 1226 ἰδόντες,
294 1152 434 1230 πρόθυμοι
453 1150 528 1229 ἦσαν
553 1154 721 1232 ἐπιχειρέειν,
750 1152 775 1211 εί
793 1177 846 1216 κως
867 1154 963 1216 ἕλοιεν

155 1238 248 1303 αὐτάς.
290 1245 320 1299 ἐκ
333 1242 384 1318 μὲν
397 1240 431 1317 δὴ
445 1245 496 1314 τῆς
509 1238 603 1316 οἷντίης
619 1238 799 1317 προσπλάειν
813 1239 886 1300 οὔκω
900 1250 962 1319 σφι

158 1327 248 1388 ἐδόκεε
273 1329 358 1388 τοῖνδε
385 1328 482 1397 εἵνεκα,
509 1325 550 1404 μή
565 1347 623 1390 ’κως
644 1326 746 1389 ἰδόντες
769 1330 795 1387 οῖ
816 1326 962 1405 Ἕλληνες

156 1415 378 1493 προσπλώοντας
399 1421 426 1479 ἐς
453 1413 546 1496 φυγῆν
566 1414 727 1492 ὁρμήσειαν,
752 1413 907 1494 φεύγοντάς
928 1444 962 1478 τε

156 1503 278 1581 εὐφρόνη
291 1499 461 1580 καταλάβοι·
483 1504 528 1561 καὶ
539 1503 659 1579 ἔμελλον
669 1503 751 1577 δῆθεν
762 1501 960 1577 ἐκφεύξεσθαι,

155 1590 208 1650 ἔδει
222 1591 252 1650 δέ
263 1591 334 1668 μηδὲ
351 1590 505 1668 πυρφόρον,
520 1594 557 1669 τῷ
574 1590 682 1649 ἐκείνων
698 1589 782 1669 λόγῳ,
797 1590 961 1672 ἐκφυγόντα

128 1679 360 1760 ἰ’περιγενέσθαι.
401 1677 472 1756 πρός
497 1682 585 1737 ταῦτα
611 1675 648 1736 αἰν
667 1676 732 1736 τάδε
759 1677 960 1756 ἐμηχανέοντο·

155 1771 210 1826 τῶν
235 1769 303 1825 νεῶν
330 1765 461 1825 άπασέων
481 1764 676 1843 ἀποκρίναντες
697 1764 839 1840 διηκοσίας
866 1770 963 1843 περιέ

155 1878 267 1929 πεμπον
280 1852 378 1922 ἔξωθεν
392 1852 521 1922 Σκιάθου,
536 1853 571 1916 οἷς
587 1851 622 1913 ἂν
636 1853 677 1930 μή
694 1851 820 1928 ὄφθέωσι
833 1851 889 1913 ὑπό
901 1861 961 1918 τοῖν

154 1940 298 2018 πολεμίων
313 1939 525 2019 περιπλώουσαι
537 1939 665 2017 Εὔβοιαν
683 1939 753 2000 κατά
767 1965 799 1999 τε
814 1945 961 2020 Καφηρέα

155 2029 202 2089 καὶ
218 2030 282 2108 περὶ
294 2020 464 2109 Γεραιστόν,
489 2033 517 2093 ἐς
534 2029 584 2090 τόν
603 2028 736 2106 Εὔριπον·
759 2028 802 2088 ἵνα
823 2027 858 2104 δὴ
878 2056 961 2109 περι-

156 2117 283 2195 λάβοιεν,
310 2121 337 2177 ot
363 2121 415 2195 μὲν
434 2117 521 2195 ταύτῃ
542 2115 705 2193 ἀπικόμενοι
732 2117 778 2176 καὶ
800 2115 961 2194 φράξαντες

155 2205 245 2266 αὐτῶν
257 2206 309 2282 τὴν
325 2204 416 2279 ὀπίσω
433 2205 577 2283 φέρουσαν
594 2204 667 2275 ὁδόν,
682 2208 766 2281 σφεῖς
787 2203 816 2264 δὲ
837 2209 960 2269 ἐπισπό-

154 2317 233 2368 μενοι
247 2292 278 2360 ἐξ
294 2292 427 2368 ἐναντίης·
447 2295 537 2351 ταῦτα
549 2291 776 2369 βουλευσάμενοι
789 2292 961 2370 ἀπέπεμπον

154 2381 209 2438 τοῖν
230 2381 298 2438 νέὣν
317 2377 368 2441 τάς
385 2378 545 2457 ταχθείσας,
562 2377 641 2439 αὐτοὶ
658 2378 709 2439 οὔκ
728 2385 757 2440 ἐν
775 2380 829 2460 νόῳ
846 2381 962 2460 ἔχοντες

154 2463 256 2542 ταύτης
268 2467 319 2542 τῆς
331 2464 436 2543 ἡμέρης
450 2469 527 2525 τοῖσι
535 2465 663 2543 Ἕλλησι
683 2466 877 2544 ἐπιθήσεσθαι,
892 2470 961 2534 οὐδὲ

153 2550 289 2630 πρότερον
310 2551 329 2630 ἦ
352 2551 385 2612 τό
413 2552 543 2630 σύνθημά
570 2560 626 2631 σφι
649 2557 750 2632 ἔμελλε
774 2557 962 2632 φανήσεσθαι

154 2641 230 2718 παρά
250 2644 305 2700 τῶν
326 2639 538 2717 περιπλωόντων
558 2641 595 2706 αῖς
615 2641 747 2720 ἡκόντων.
787 2643 889 2707 ταύτας
903 2649 962 2722 μὲν

155 2728 188 2805 δή
215 2728 412 2805 περιέπεμπον·
452 2732 507 2789 τῶν
533 2729 563 2789 δὲ
589 2731 709 2791 λοιπέων
734 2733 802 2791 νεῶν
829 2733 859 2788 ἐν
884 2737 961 2808 τῇσι

154 2815 294 2897 Ἀφέτῃσι
307 2818 450 2876 ἐποιεῦντο
463 2814 592 2894 ἀριθμόν.

127 2908 145 2964 8
194 2905 243 2965 Ἑν
269 2903 299 2965 δὲ
324 2901 412 2982 τούτῳ
438 2906 477 2982 τῷ
503 2904 602 2989 χρόνῳ,
629 2908 659 2964 ἐν
682 2901 703 2982 ᾧ
731 2901 808 2964 οὗτοι
834 2901 958 2982 ἀριθμόν

157 2996 298 3055 ἐποιεῦντο
308 2995 363 3053 τῶν
376 2993 452 3063 νεῶν,
463 2989 498 3067 ἦν
510 2991 565 3072 γάρ
579 2996 609 3052 ἐν
621 2993 660 3071 τῷ
673 2991 852 3071 στρατοπέδω
865 2993 960 3078 τούτῳ

52 3048 85 3240 Ι
149 3083 296 3162 Σκυλλιής
322 3081 479 3152 Σκιωναῖος,
512 3078 593 3157 ,δύης
623 3083 679 3140 τοῖν
709 3079 772 3141 τότε
804 3080 960 3158 ἀνθρώπων

136 3167 271 3246 ἄριστος·
291 3172 390 3241 ὅςκαὶ
413 3177 444 3236 ἐν
461 3175 498 3255 τῇ
518 3170 637 3254 ναυηγίῃ
655 3172 694 3250 τῇ
713 3169 785 3229 W&
800 3168 835 3228 τέ)
846 3170 964 3241 ww

124 3264 273 3346 γενομένῃ
303 3265 410 3328 πολλά
441 3269 496 3346 μὲν
520 3265 616 3325 ἔσωσε
639 3263 698 3323 τῶν
724 3255 877 3341 χρημάτων
904 3255 995 3310 τοὶ-η·
