2024 3450
95 109 204 174 ,ιι-ιι]
409 108 595 157 nomm.
850 103 897 158 137

95 190 212 250 ἐπύθετο
232 188 346 266 Ξέρξης,
363 187 437 246 δεινὰ
458 187 629 264 ποιεύμενος,
648 185 699 249 τόν
718 185 896 264 Ἑλλήσπον-

93 305 143 337 τον
165 279 274 337 ἐκέλευε
295 274 458 353 τριηκοσίας
473 276 619 335 ἐπικέσθαι
639 274 758 357 μάστιγι
775 275 896 357 πληγός,

95 365 141 424 καὶ
162 370 283 425 κατεῖναι
300 369 326 426 ἐς
339 363 372 423 τό
386 364 510 444 πέλαγος
523 363 625 423 πεδέων
647 365 751 444 ζεῦγος.
792 363 845 440 ἤδη
865 364 895 424 δέ

94 452 202 529 ἤκουσα
216 453 252 515 ὥς
266 453 310 510 καὶ
324 452 438 531 στιγέας
450 449 510 527 ἅμα
527 451 653 511 τούτοισι
666 450 814 528 ἀπέπεμψε
836 454 894 511 στί-

94 542 192 610 ξοντας
212 541 262 600 τόν
277 530 503 613 Ἑλλήσποντον·
526 539 686 598 ἐνετέλλετο
708 538 741 612 δη
762 537 798 598 ὧν
816 541 895 614 ῥαπί-

46 634 48 638 ’
94 630 192 699 ζοντας
204 629 298 709 λέγειν
308 626 447 703 βάρβαρά
458 652 489 686 τε
503 626 548 684 καὶ
562 625 722 714 ἀτάσθαλα·
737 623 784 682 “ὦ
797 624 896 700 πικρόν

94 716 174 792 ὕδωρ,
189 714 328 790 δεσπότης
341 740 385 773 τοι
399 714 477 788 δίκην
488 716 605 773 ἐπιτιθεῖ
617 708 708 789 τήνδε,Ι
721 713 764 773 ὅτι
777 738 826 788 μιν
838 711 895 787 ἡδί-

96 828 184 877 κησας
200 801 279 862 ούδέν
299 801 369 878 πρός
390 803 493 861 ἐκείνου
513 801 607 862 ἄδικον
626 800 726 861 παθόν·
749 801 794 859 καὶ
809 802 894 876 βασι·

94 889 160 952 λεῦς
174 892 226 966 μὲν
239 890 344 968 Ξέρξης
359 890 528 966 διαβήσεταί
547 917 589 961 σε,
604 889 638 967 ἤν
654 917 685 950 τε
701 890 739 950 σύ
752 916 785 971 γε
798 889 894 969 βούλῃ

94 975 129 1052 ἥν
146 1004 178 1038 τε
197 978 247 1055 μή·
268 980 317 1038 σοὶ
338 979 367 1038 δέ
387 979 457 1039 κατὰ
477 980 555 1056 δίκην
571 964 625 1058 ἄρα
642 979 728 1042 οὐδεὶς
742 976 892 1056 οἷνθριύπων

95 1065 161 1137 θύει,
176 1066 211 1131 οἷς
224 1066 296 1128 ἐόντι
311 1068 415 1148 δολερῷ
434 1095 465 1129 τε
484 1069 530 1127 καὶ
549 1068 665 1148 α’λμυρῷ
681 1065 822 1147 ποταμῷ·”
841 1066 893 1143 τήν

93 1180 124 1213 τε
143 1154 178 1232 δὴ
200 1155 352 1239 θύλασσαν
374 1159 534 1218 ἐνετέλλετο
553 1158 680 1218 τούτοισι
701 1159 824 1233 ζημιοῦν,
847 1156 893 1214 καὶ

92 1247 147 1303 τῶν
160 1245 337 1306 ἐπεστεώτων
348 1250 385 1324 τῇ
398 1246 471 1316 ζεύξι
488 1251 539 1306 τοῦ
551 1243 768 1320 Ἑλλησπόντου
788 1242 892 1301 ἀποτα-

92 1335 155 1404 μεῖν
169 1332 219 1396 τοὶς
235 1333 371 1410 κεφαλάς.
414 1334 471 1392 Καὶ
485 1337 511 1391 οἶ
525 1335 577 1409 μὲν
589 1338 676 1392 ταῦτα
693 1331 801 1390 ἐποίεον
816 1334 892 1388 τοῖσι
902 1331 939 1389 36

93 1421 262 1494 προσεκέετο
283 1419 353 1494 αὕτη
366 1419 384 1494 ἦ
398 1419 496 1498 ἄχαρις
508 1418 586 1495 τιμή·
606 1419 656 1481 τὰς
670 1419 699 1475 δέ
712 1416 798 1474 ἄλλοι
814 1416 892 1494 ἀρχι-

93 1507 218 1569 τέκτονες
238 1506 414 1586 ἐζεύγνυσαν·
436 1506 602 1586 ἐζεύγνυσαν
619 1507 647 1563 δέ
664 1503 725 1563 ὧδε·
746 1529 893 1578 πεντηκον-

94 1593 189 1669 τέρους
203 1594 249 1651 καὶ
261 1590 389 1670 τριήρεας
400 1593 553 1662 συνθέντες,
563 1591 618 1651 ύπό
631 1594 682 1668 μὲν
696 1590 747 1665 τὴν
759 1590 829 1666 πρός
842 1595 892 1649 τοῦ

94 1678 226 1748 Εὐξείνου
246 1677 358 1739 Πόντου
381 1678 513 1754 ἑξήκοντά
533 1704 563 1737 τε
584 1679 629 1737 καὶ
651 1679 818 1755 τριηκοσίας,
836 1677 892 1738 ύπό

95 1767 125 1826 δὲ
137 1767 189 1843 τήν
202 1768 297 1844 ἑτέρην
317 1767 569 1844 τεσσερεσκαίδεκα
590 1767 635 1825 καὶ
655 1767 823 1844 τριηκοσίας,
842 1769 892 1825 τοΰ

93 1858 146 1932 μὲν
158 1855 270 1914 Πόντου
289 1855 452 1931 ἐπικαρσίας
471 1857 521 1913 τοῦ
541 1855 570 1913 δέ
590 1853 804 1931 Ἑλλησπόντου
822 1852 893 1913 κατὰ

94 1943 168 2020 ῥόον,
180 1941 396 2020 ἵναόνακωχεύη
409 1941 458 2001 τόν
471 1941 553 2002 τόνον
565 1947 620 2003 τῶν
630 1943 733 2002 ὅπλων·
748 1943 893 2004 συνθέντες

94 2031 131 2101 δὲ,
146 2030 269 2112 α’γκύρας
282 2034 403 2106 κατῆκαν
417 2029 674 2108 περιμήκεας-τοὶς
686 2033 737 2106 μὲν
754 2030 823 2105 πρός
842 2033 893 2087 τοῦ

95 2119 206 2179 Πόντου
220 2124 271 2196 τῆς
283 2119 384 2195 ἑτέρης,
399 2121 454 2178 τῶν
475 2116 582 2194 ἀνέμων
601 2119 701 2178 είνεκεν
720 2121 775 2176 τῶν
789 2117 891 2175 ἔσωθεν

94 2208 268 2279 ἐκπνεόντων,
282 2211 332 2283 τῆς
346 2207 375 2266 δέ
389 2206 482 2283 ἑτέρης
500 2205 573 2288 [τῆς]
587 2205 656 2283 πρός
671 2206 789 2283 ἑσπέρης
801 2229 832 2263 τε
846 2203 893 2262 καὶ

92 2299 143 2354 τοῦ
160 2294 401 2376 Αἰγαίου-εὔρου
420 2321 451 2354 τε
469 2294 515 2353 καὶ
528 2293 610 2353 νότου
624 2294 722 2353 εἵνεκα·
744 2293 893 2378 διέκπλοον
937 2299 958 2313 “’

94 2382 123 2440 δέ
135 2382 299 2459 ὑπόφαυσιν
315 2383 465 2442 κατέλιπον
477 2386 531 2443 τῶν
544 2383 764 2458 πεντηκοντέρων
778 2380 823 2440 καὶ
835 2406 893 2458 τρι·

93 2474 155 2546 χοῦ,
171 2470 215 2528 ἵνα
229 2470 275 2529 καὶ
289 2474 316 2532 ές
328 2468 377 2530 τόν
390 2470 502 2531 Πόντον
516 2470 566 2548 ἐχη
580 2469 595 2529 ό
608 2468 784 2546 βουλόμενος
796 2470 893 2528 πλέειν

95 2557 222 2616 πλοίοισι
243 2561 383 2626 λεπτοῖσι,
404 2558 451 2616 καὶ
472 2562 502 2616 ἐκ
523 2561 573 2616 τοῦ
591 2556 704 2617 Πόντου
725 2557 784 2627 ἐξω·
805 2561 893 2617 ταῦτα

95 2644 124 2702 δὲ
137 2644 311 2719 ποιήσαντες,
326 2645 480 2705 κατέτεινον
493 2648 524 2703 ἐκ
537 2649 589 2725 γῆς
602 2647 807 2721 στρεβλοῦντες
823 2643 893 2704 ὄνοι-

96 2753 126 2791 σι
138 2732 277 2802 ξυλίνοισι
286 2731 322 2791 τό
331 2731 416 2802 ὅπλα,
427 2731 518 2791 ούκέτι
530 2731 614 2810 χωρὶς
628 2731 742 2810 ἑκάτερα
754 2732 892 2802 τάξαντες,

96 2820 171 2880 ίλλό
185 2819 234 2880 δύο
247 2822 299 2898 μὲν
308 2820 471 2879 λευκολίνου
482 2818 634 2896 δασάμενοι
647 2826 675 2883 ἐς
683 2822 820 2896 ἑκατέρην,
829 2821 893 2878 τέσ-

96 2926 166 2986 σερα
186 2908 216 2968 δέ
237 2913 292 2968 τῶν
314 2909 472 2985 βυβλίνων·
497 2907 624 2986 παχύτης
645 2911 696 2984 μὲν
716 2907 734 2983 η’
756 2906 826 2980 αὕτη
849 2907 894 2964 καὶ

96 2996 230 3072 καλλονῆ,
244 2994 315 3056 κατὰ
334 2995 421 3078 λόγον
443 2996 478 3056 δέ
492 2994 527 3073 ἦν
542 2996 759 3073 ἐμβριθέστερα
768 2992 912 3084 τὶῚξωερ·

91 3087 141 3140 τοῦ
151 3083 293 3147 τάλαντον
306 3085 324 3148 ό
339 3089 436 3168 πῆχυς
450 3087 544 3148 εἷλκε.
588 3082 691 3155 ἐπειδὴ
708 3079 746 3135 λῗε
761 3065 951 3163 ἐηῴλῖζὼλ

78 3167 99 3226 5
110 3167 208 3245 ''0‘9057
221 3175 354 3265 ’(,θρμθῦς
367 3178 469 3249 ξύλων
488 3173 740 3252 καταπρίσαντες
753 3159 808 3218 καὶ
820 3159 1003 3280 ποιηξωζῃ

68 3277 118 3318 “5
136 3256 225 3327 ἴσως
244 3268 302 3342 ⁷⁷1⁶?
322 3269 456 3350 σχεδίης
482 3267 528 3346 τῷ
553 3263 653 3343 ὤρεξ’,
673 3255 786 3323 &bow
807 3246 902 3296 ἐπετι
922 3239 960 3274 m
