2024 3450
69 101 176 164 ἲέ-ἶδ]
373 98 562 149 ΚᾹΔΛῙΟΠΗ.
819 92 866 146 317

66 179 131 242 τούς
153 178 304 255 Ἕλληνας,
328 181 416 237 ἐοῦσα
438 175 574 252 παλλακὴ
600 173 792 252 Φαρανδάτεος
817 176 869 232 τοῦ

67 267 215 336 Τεάσπιος,
226 265 325 343 άνδρδς
337 266 464 342 Πέρσεω,
475 264 680 341 κοσμησαμένη
689 265 786 341 χρυσῷ
797 264 867 321 παλ·

68 359 109 432 λῷ
126 356 173 414 καὶ
191 353 260 430 αὕτη
277 353 323 412 καὶ
340 357 369 412 αἶ
386 352 556 430 άμφίπολαι,
571 352 616 411 καὶ
636 352 735 425 ἐσθῆτι
753 351 869 428 τῇκαλ-

68 445 154 520 λιατη
166 447 221 502 τῶν
234 442 419 518 παρεουσέων,
431 442 584 518 καταβᾶσα
595 445 625 500 ἐκ
635 443 685 514 τῆς
695 436 867 513 ἁρμαμάξης,
937 474 939 476 ·

67 530 167 607 ἐχοίρεε
188 535 216 592 ἐς
235 529 299 592 τούς
319 529 553 606 Λακεδαιμονίους
570 529 610 587 ἐτι
628 533 657 587 ἐν
675 529 742 603 τῇσι
761 529 868 601 φονῇσι

68 616 171 679 ἐόντας·
190 615 286 692 ὁρῶσα
299 616 329 674 δὲ
343 616 433 676 πάντα
447 619 536 674 ἐκεῖνα
550 615 680 674 διέποντα
693 612 867 685 Παυσανίην,

67 702 203 779 πρότερόν
215 728 246 761 τε
259 703 292 762 τά
305 702 410 778 οὔνομα
424 703 625 778 ἐξεπισταμένη
635 701 681 760 καὶ
690 699 742 775 τήν
751 698 866 775 πάτρην,

69 789 142 848 ὥστε
151 788 290 853 πολλάκις
303 781 460 861 άκοιίσασά,
473 791 540 869 ἔγνω
549 815 580 848 τε
590 790 638 848 τόν
648 788 813 863 Παυσανίην
823 788 868 845 καὶ

69 877 217 952 λαβομένη
236 879 292 935 τῶν
311 875 451 956 γουνάτων
471 878 550 956 ἔλεγε
569 877 644 936 τάδε·
674 875 721 935 “ὦ
740 879 865 952 βασιλεῦ

71 961 210 1039 Σπάρτης,
223 964 311 1040 ῥῦσαί
321 988 357 1040 με
371 963 422 1039 την
436 964 520 1024 ἱκέτιν
538 965 718 1043 αἰχμαλώτου
732 963 867 1024 δουλοσά-
904 991 905 994 ’

71 1075 128 1124 νης·
156 1049 193 1110 σι)
208 1050 263 1132 γάρ
281 1051 327 1111 καὶ
345 1056 373 1116 ἐς
390 1052 453 1113 τάδε
472 1051 588 1128 ὤνησας,
605 1054 707 1113 τούσδε
723 1052 868 1114 ἀπολέσας

70 1137 134 1201 τούς
147 1138 210 1198 οὔτε
223 1139 359 1216 δαιμόνων
373 1139 436 1201 οὔτε
450 1142 519 1202 θεῶν
532 1140 596 1200 ὄπιν
610 1143 731 1219 ἔχοντας.
769 1141 824 1216 εἰμὶ
838 1140 868 1198 δὲ

70 1226 149 1305 γένος
165 1229 217 1304 μὲν
235 1228 310 1307 Κῴη,
325 1229 448 1310 θυγάτηρ
463 1229 493 1287 δέ
505 1228 693 1308 Ἡγητορίδεω
709 1232 759 1286 τοῦ
771 1227 867 1286 Ἀντα-

70 1314 166 1392 γόρεω·
187 1316 239 1393 βίη
254 1316 285 1374 δέ
296 1343 332 1393 με
350 1317 450 1392 λαβοδν
464 1322 493 1374 ἐν
507 1319 557 1391 Κῷ
570 1314 628 1392 εἶχε
642 1315 657 1373 ὁ
672 1313 811 1389 Πέρσης.”
851 1314 868 1373 ά

71 1401 100 1458 δὲ
113 1402 261 1477 ἀμείβεται
277 1401 383 1460 τοῖσδε·
406 1401 520 1480 “γιίναι,
536 1399 643 1475 θάρσει,
663 1402 708 1458 καὶ
725 1399 759 1462 ὥς
778 1401 868 1470 ἱκέτις,

72 1490 118 1545 καὶ
132 1492 155 1546 εἰ
169 1488 202 1561 δή
215 1487 286 1563 πρός
298 1487 386 1565 τούτῳ
399 1485 544 1566 τυγχάνεις
557 1486 665 1561 άληθέα
674 1488 806 1567 λέγουσα,
823 1489 869 1546 καὶ

73 1574 111 1637 εἶς
127 1573 250 1655 θυγάτηρ
271 1573 459 1655 Ἡγητορίδεω
477 1577 527 1633 τοῦ
546 1573 636 1653 Κῴου,
653 1575 683 1637 ὃς
701 1575 762 1651 ἐμοὶ
782 1575 869 1644 ξεῖνος

70 1662 198 1740 μάλιστα
209 1661 340 1744 τυγχάνει
358 1662 409 1722 ἐών
421 1664 476 1721 τῶν
489 1662 553 1738 περὶ
566 1662 670 1725 κείνους
687 1662 751 1725 τούς
763 1661 869 1740 χοίρους

73 1749 246 1829 οἰκημένων.”
286 1754 374 1811 ταῦτα
399 1751 484 1821 εἶπας,
505 1748 569 1809 τότε
590 1753 641 1827 μὲν
662 1752 795 1828 ἐπέτρεψε
815 1755 870 1810 τῶν

72 1840 180 1917 ἐφόρων
202 1843 279 1900 τοῖσι
301 1843 444 1915 παρεοῦσι,
470 1837 589 1915 ὕστερον
612 1839 641 1897 δὲ
656 1838 815 1916 γάπέττεμψε
842 1845 870 1903 ἐς

73 1930 197 2009 Αἴγιναν,
212 1933 239 1992 ἐς
252 1929 303 2003 την
317 1927 386 2003 αὕτη
397 1926 481 2002 ἤθελε
495 1925 654 1986 ἀπικέσθαι.
956 1988 961 1999 ,

113 2016 195 2076 Μετά
215 2017 244 2076 δὲ
267 2016 319 2093 τὴν
339 2014 432 2086 ἄπιξιν
453 2019 503 2090 τῆς
526 2014 661 2095 γυναικός,
682 2014 779 2073 αὐτίκα
798 2014 869 2090 μετά
879 2016 916 2076 77

59 2108 160 2188 ιταῦτα
176 2103 308 2165 άπίκοντο
327 2104 478 2166 Μαντινέες
498 2101 539 2161 ἐπ’
558 2102 797 2183 ἐξεργασμένοισι·
817 2128 869 2178 μα-

73 2192 167 2257 θόντες
187 2194 216 2253 δὲ
236 2193 279 2254 ὅτι
299 2193 411 2270 ὕστεροι
431 2192 532 2269 ἥκουσι
552 2194 602 2266 τῆς
620 2192 780 2268 συμβολῆς,
799 2217 869 2267 συμ-

73 2281 166 2358 φορὴν
191 2286 332 2342 ἐποιεῦντο
353 2282 489 2362 μεγάλην,
513 2279 589 2350 άξιοί
609 2305 640 2338 τε
668 2279 778 2354 ἔφασαν
802 2278 871 2339 εἶναι

73 2370 166 2440 σφέας
179 2371 326 2445 ζημιῶσαι·
347 2368 548 2446 πυνθανόμενοι
561 2368 591 2427 δέ
603 2366 668 2431 τούς
680 2367 795 2442 Μήδους
807 2367 871 2431 τούς

65 2445 144 2530 ιμετά
156 2454 333 2531 Ἀρταβάζου
352 2457 515 2539 φεύγοντας,
529 2456 642 2518 τούτους
660 2455 770 2514 ἐδίωκον
787 2457 872 2534 μέχρι

28 2623 31 2627 ⁸
73 2544 245 2617 Θεσσαλίης·
274 2543 499 2621 (Λακεδαιμόνιοι
522 2544 551 2603 δὲ
573 2543 622 2603 οὐκ
647 2544 696 2602 ἔων
718 2542 872 2624 φεύγοντας

73 2629 201 2711 διώκειν)
223 2632 249 2689 οἱ
262 2629 292 2688 δὲ
305 2628 535 2708 ἀναχωρήσαντες
553 2636 580 2694 ἐς
597 2630 650 2706 τὴν
671 2635 785 2702 ἑωυτῶν,
806 2632 871 2695 τούς

73 2717 212 2800 ἡγεμόνας
228 2721 279 2794 τῆς
294 2721 428 2794 στρατιῆς
441 2717 554 2786 ἐδίωξαν
574 2723 604 2777 ἐκ
617 2723 668 2794 τῆς
680 2723 742 2800 γῆς.
755 2720 827 2797 μετά
843 2720 872 2778 δὲ

73 2808 229 2871 Μαντινέας
237 2805 305 2884 ἧκαν
314 2804 433 2865 Ἠλεῖοι·
448 2806 493 2864 καὶ
504 2805 632 2871 ὦσαιίτως
643 2810 670 2867 οἱ
677 2807 788 2867 Ἠλεῖοι
796 2811 873 2865 τοῖσι

73 2901 245 2959 Μαντινεῦσι
265 2893 618 2972 συμφορηνπαιησάμενοι
637 2893 872 2954 ἀπαλλάσσοντο·

73 2982 243 3049 ἀπελθόντες
253 2985 283 3045 δὲ
296 2985 342 3044 καὶ
356 2981 433 3043 οὗτοι
444 2982 509 3046 τούς
518 2982 657 3063 ἡγεμόνας
675 2980 795 3048 ἐδίωξαν.
836 2979 872 3038 ταὶ

75 3071 145 3132 κατά
157 3074 314 3137 Μαντινέας
326 3074 378 3150 μὲν
391 3072 437 3131 καὶ
450 3071 580 3134 Ἠλείους
592 3072 729 3130 τοσαῦτα.

112 3158 162 3219 Ἐν
174 3161 205 3220 δέ
216 3165 382 3242 Πλαταιῇσι
396 3166 426 3224 ἐν
443 3165 484 3243 ,τῷ
503 3158 694 3240 στρατοπέδω
713 3159 770 3212 τῶν
791 3148 964 3249 Κιγινλῧὶ

60 3249 132 3373 ηἷων
144 3246 181 3320 ἤν
192 3247 355 3347 Λάμπωνρ
369 3251 491 3323 Πύθεω,
508 3247 693 3334 Αἰγινητέων
709 3241 753 3302 τδ
764 3240 894 3312 πθῧπῦι
903 3249 942 3283 ³³³·

88 3333 167 3376 ,-25
