2024 3450
101 88 147 135 ιιι
400 85 582 133 ἮΡοΔοτου
822 87 897 151 [vn.

102 165 198 234 λακάς,
213 164 259 223 καὶ
278 163 430 242 θεραπηίην
449 163 563 239 πολλήν
581 190 612 224 τε
628 166 675 224 καὶ
687 165 717 224 εὖ
731 170 899 244 ἐσκευασμέ-

101 279 159 327 νην·
181 255 247 311 σῖτα
269 253 300 310 δέ
321 260 384 333 σφι,
403 252 486 330 χωρὶς
507 257 562 312 τῶν
584 252 681 313 άλλων
702 255 899 330 στρατιωτέων,

101 341 226 415 κάμηλοί
235 367 266 399 τε
281 341 325 399 καὶ
339 340 475 420 ὖποζάγια
488 339 565 422 ἦγον.

52 431 91 488 84
140 427 262 486 Ἱππεύει
275 429 304 486 δὲ
318 429 453 498 ταῦτατᾶ
467 430 555 488 ἔθνεα·
569 428 646 505 πλήν
660 429 691 489 οὗ
705 430 797 490 πάντα
806 435 900 509 παρεί-

98 543 165 595 χετο
187 517 280 586 ἵππον,
301 516 378 575 άλλά
399 516 503 576 τοσάδε
521 521 621 594 μοῦνα·
643 519 756 594 Πέρσαι
772 523 830 595 μὲν,
849 521 901 595 τήν

98 605 184 681 αὐτήν
206 606 406 683 ἐσκευασμένοι
429 605 473 664 καὶ
496 604 512 665 ὁ
534 605 616 675 πεζὸς
637 604 734 666 αὐτῶν·
756 608 832 682 πλήν
855 610 899 666 ἐπὶ

97 699 165 773 τῇσι
184 699 327 773 κεφαλῇσι
349 695 424 773 εἶχον
442 693 615 770 μετεξέτεροι
629 694 717 754 αὐτῶν
731 696 777 753 καὶ
790 696 898 774 χάλκεα

51 785 89 841 85
99 784 145 842 καὶ
163 783 278 859 σιδήρεα
296 783 487 858 ἐξεληλαμένα
505 781 655 858 ποιήματα
698 785 766 841 Εἰσὶ
785 784 816 842 δέ
827 811 899 848 τινες

98 898 130 931 νο
162 871 213 933 ἐς
232 872 370 947 ἅνθρωποι
390 869 542 950 Σαγάρτιοι
563 870 734 947 καλεόμενοι,
750 873 827 934 ἔθνος
847 876 898 949 μὲν

99 958 239 1035 Περσικὸν
254 960 299 1016 καὶ
314 964 401 1037 φωνῇ,
413 959 516 1033 σκευήν
531 959 560 1017 δὲ
572 959 676 1037 μεταξι)
691 961 789 1038 ἔχουσι
802 987 897 1020 πεποι-

96 1046 199 1122 ημένην
212 1051 262 1120 τής
275 1073 305 1105 τε
319 1052 462 1123 Περσικῆς
476 1048 523 1106 καὶ
536 1052 585 1124 τῆς
596 1053 766 1124 Πακτυϊκῆς·
789 1050 814 1107 οἳ
827 1077 896 1126 παρ-

97 1134 204 1212 είχοντο
224 1138 275 1209 μὲν
297 1136 382 1196 ἵππον
401 1134 622 1215 ὀκτακισχιλίην,
638 1136 713 1195 ὅπλα
728 1137 757 1195 δὲ
771 1136 802 1196 οὗ
821 1139 896 1215 νομί·

96 1223 176 1292 ζουσι
189 1225 261 1302 ἐχειν
275 1222 338 1284 οὔτε
357 1224 465 1303 χάλκεα
487 1225 550 1286 οὔτε
570 1224 696 1301 σιδήρεα,
711 1226 761 1293 ἐξω
782 1231 895 1306 ἐγχειρι·

95 1310 168 1372 δίων·
187 1314 322 1392 χρέωνται
332 1315 362 1373 δὲ
372 1318 486 1392 σειρῇσι
495 1315 708 1394 πεπλεγμένῃσι
723 1314 753 1381 ἐξ
767 1314 894 1389 ἱμάντων

95 1400 213 1480 ταύτῃσι
233 1403 346 1462 πίσυνοι
367 1406 495 1482 ἔρχονται
516 1408 543 1464 ἐς
561 1400 697 1477 πόλεμον.
738 1400 800 1476 ήδέ
816 1403 894 1481 μάχη

93 1489 197 1550 τούτων
217 1496 272 1550 τῷν
293 1491 397 1567 ἀνδρῶν
418 1491 475 1567 ήδε·
504 1490 586 1549 ἐπεάν
610 1490 795 1571 συμμίσγωσι
818 1495 894 1555 τοῖσι

93 1580 265 1655 πολεμίοισι,
279 1580 426 1656 βάλλουσι
445 1581 494 1642 τάς
515 1578 612 1655 σειράς
626 1577 667 1636 ἐπ’
682 1577 755 1657 ἄκρῳ
769 1579 894 1658 βρόχους

94 1666 223 1744 ἐχούσας·
244 1667 306 1727 ὅτευ
327 1667 349 1726 δ’
363 1667 398 1729 άν
413 1666 493 1747 τάχη,
506 1666 541 1743 ήν
553 1693 584 1727 τε
599 1668 685 1725 ἵππου
699 1665 733 1741 ήν
746 1694 777 1726 τε
791 1666 892 1744 α’νθρά-

93 1779 154 1824 που,
170 1755 211 1813 ἐπ’
226 1755 325 1817 ε’ωυτδν
346 1757 430 1816 ἐλκει·
452 1757 526 1816 οἶδὲ
545 1761 573 1814 ἐν
593 1755 687 1832 ἕρκεσι
708 1755 893 1832 ἐμπαλασσό-

91 1866 170 1915 μενοι
190 1843 407 1919 διαφθείρονται·
427 1843 531 1903 τοάτων
549 1846 601 1920 μὲν
622 1842 691 1918 αὕτη
704 1841 724 1918 η’
736 1842 824 1921 μάχη·
848 1845 893 1902 καὶ

45 1931 82 1987 86
92 1930 277 2010 ἐπετετάχατο
298 1935 325 1994 ἐς
344 1932 410 1995 τούς
422 1934 544 2008 Πέρσας.
588 1931 684 2005 Μῆδοι
698 1931 727 1989 δὲ
740 1931 844 2008 τήνπερ
864 1938 893 1992 ἐν

90 2021 128 2096 τῷ
141 2019 214 2098 πεζῷ
230 2019 306 2099 εἶχον
324 2019 437 2096 σκευήν·
459 2020 504 2078 καὶ
519 2020 639 2078 Κίσσιοι
661 2017 799 2081 ὦσαάτως.
842 2020 891 2078 Ἰν-

91 2106 133 2164 δοὶ
147 2107 177 2166 δέ
190 2113 276 2187 σκευή
289 2111 341 2186 μὲν
354 2107 513 2187 ἐσεσάχατο
527 2112 563 2183 τῇ
573 2105 643 2182 αὐτῇ
658 2105 703 2163 καὶ
718 2110 746 2162 ἐν
759 2109 797 2181 τῷ
811 2107 889 2183 πεζῷ,

90 2194 212 2269 ήλαυνον
235 2198 263 2256 δὲ
286 2198 403 2271 κέλητας
422 2196 467 2255 καὶ
486 2193 605 2271 ἅρματα·
627 2190 683 2250 άπδ
700 2192 728 2249 δὲ
749 2194 824 2248 τοῖσι
845 2192 890 2269 ἅρ-

89 2307 162 2357 μασι
180 2282 293 2358 ὗπῆσαν
315 2284 395 2341 ἵπποι
416 2283 462 2341 καὶ
480 2281 538 2341 ὄνοι
560 2278 662 2358 ἄγριοι.
706 2277 840 2354 Βάκτριοι
862 2283 890 2340 δὲ

90 2368 257 2430 ἐσκευάδατο
279 2369 408 2432 ῷσαάτως
427 2370 472 2428 καὶ
492 2374 520 2427 ἐν
537 2372 575 2445 τῷ
592 2367 673 2444 πεζῷ,
694 2367 739 2425 καὶ
762 2366 890 2428 Κάσπιοι

89 2455 197 2532 ὁμοίως.
239 2459 344 2533 Λίβυες
365 2459 394 2517 δέ
415 2458 460 2516 καὶ
481 2456 558 2514 αὐτοὶ
576 2454 699 2532 κατάπερ
714 2460 743 2515 ἐν
756 2459 794 2534 τῷ
808 2460 888 2535 πεζῷ·

87 2538 209 2619 ἤλαυνον
225 2547 253 2605 δὲ
272 2547 317 2605 καὶ
339 2543 415 2606 οὗτοι
436 2544 536 2607 πάντες
553 2543 673 2620 ἅρματα.
716 2543 753 2608 ὥς
766 2543 788 2602 δ’
803 2544 888 2608 οὕτως

89 2631 248 2711 Κάσπειροι
268 2636 314 2693 καὶ
328 2635 494 2713 Παρικάνιοι
511 2631 671 2711 ἐσεσάχατο
685 2633 786 2711 ὁμοίως
800 2635 845 2691 καὶ
860 2639 888 2693 ἐν

86 2722 124 2800 τῷ
142 2723 223 2801 πεζῷ.
262 2723 394 2801 Ἀράβιοι
408 2725 438 2783 δὲ
452 2723 555 2798 σκευήν
568 2724 619 2799 μὲν
634 2723 711 2802 εἶχον
728 2721 781 2797 τήν
802 2721 887 2796 αὐτήν

86 2807 121 2885 ἢν
142 2809 188 2869 καὶ
210 2815 238 2869 ἐν
258 2816 296 2891 τῷ
318 2814 399 2892 πεζῷ·
420 2812 543 2888 ἤλαυνον
564 2812 594 2870 δέ
616 2811 716 2874 πάντες
736 2809 898 2885 καμήλους,Ι

39 2897 77 2957 87
86 2903 228 2978 ταχυτῆτα
249 2899 281 2960 οὗ
303 2903 467 2979 λειπομένας
492 2896 592 2962 ἵππων.
634 2905 729 2960 Ταῦτα
750 2897 786 2959 τά
808 2899 886 2956 ἐνεα

65 2991 165 3056 stafiva
187 2988 316 3053 ἵππευεν·
337 2989 457 3072 α’ριθμὸς
471 2991 499 3051 δὲ
512 2995 562 3068 τῆς
577 2991 663 3050 ἵππου
685 2989 794 3070 ἐγένετο
816 2985 886 3045 άκτώ
