2024 3450
81 113 190 177 46-49]
380 113 582 162 ΤΕΡΨΙΧΟΡΗ.
853 110 883 158 21

79 191 202 271 ταγόρης
216 192 295 272 ἔλεγε
308 189 379 268 πρός
392 190 476 250 αὐτόν
489 190 564 248 τάδε·
586 200 603 226 “
613 189 780 267 Κλεόμενες,
795 213 884 247 σπου·

80 279 131 355 δήν
143 282 195 356 μὲν
207 278 258 355 τήν
277 281 347 355 ε’μήν
360 277 400 355 μή
414 278 548 356 θωμάσῃς
561 282 610 354 τῆς
627 278 745 337 ἐνθαῦτα
764 275 883 354 άπίξιος·

79 366 115 427 τά
142 367 197 447 γάρ
221 365 376 442 κατήκοντά
402 372 463 426 ε’στι
487 370 610 425 τοιαῦτα.
659 364 757 424 Ἰάνων
783 363 902 435 παῖδας

80 454 198 518 δούλους
219 454 288 514 εἶναι
308 453 366 513 ἀντ’
380 454 532 530 ἐλευθέρων
548 452 651 515 ὄνειδος
667 453 712 510 καὶ
731 451 819 531 ἅλγος
835 451 883 528 με’-

80 567 182 622 γιστον
201 544 253 619 μὲν
274 542 386 601 αὐτοῖσι
406 541 482 617 ήμῖν,
504 542 543 600 ἔτι
564 541 594 599 δὲ
613 544 668 599 τῶν
686 543 793 598 λοιπῶν
810 537 883 615 ύμῖν,

80 627 140 708 όσιρ
161 631 319 706 προέστατε
339 633 390 704 τῆς
409 627 556 691 Ἑλλάδος.
600 631 649 686 νῦν
665 625 709 696 ὧν,
727 624 797 703 πρός
813 625 884 685 θεῶν

80 719 136 775 τῶν
161 715 325 792 Ἑλληνίων,
351 714 480 793 ῥύσασθε
508 714 606 778 Ἴωνας
640 719 670 773 ε’κ
704 712 883 788 δουλοσύνης,

82 801 183 880 ἄνδρας
201 802 365 880 ὁμαίμονας.
408 803 539 866 εὐπετέως
559 803 588 861 δὲ
603 802 669 880 ύμῖν
684 804 773 862 ταῦτα
789 799 836 860 οἶά
851 826 884 860 τε

80 889 196 967 χωρέειν
213 891 284 950 έστί·
314 889 377 950 ούτε
394 891 449 971 γάρ
468 895 494 950 οί
515 889 661 968 βάρβαροι
682 888 800 967 ἅλκιμοί
819 892 882 958 εἰσι,

80 977 159 1053 ύμεῖς
174 1003 205 1036 τε
220 977 257 1037 τά
274 982 301 1040 ές
320 977 370 1038 τόν
385 978 511 1056 πόλεμον
527 984 555 1041 ἐς
573 977 609 1037 τά
626 978 750 1057 μέγιστα
768 975 884 1052 ἀνήκετε

80 1064 181 1142 οἶρετῆς
193 1066 267 1143 πέρι·
287 1065 306 1142 ἧ
319 1090 350 1126 τε
362 1066 441 1146 μάχη
455 1065 546 1126 αὐτῶν
561 1065 622 1125 ε’στὶ
638 1064 739 1140 τοιήδε,
754 1063 823 1134 τόξα
837 1065 882 1123 καὶ

80 1153 169 1231 αἰχμή
190 1155 312 1233 βραχέα·
338 1153 501 1232 οἷναξυριδας
522 1155 551 1213 δὲ
576 1156 685 1232 ἔχοντες
707 1153 834 1232 ἔρχονται
855 1158 883 1215 ἐς

79 1240 130 1302 τάς
142 1242 235 1320 μάχας
252 1243 298 1300 καὶ
317 1243 474 1320 κυρβασίας
491 1242 536 1302 ε’πὶ
552 1247 620 1319 τῇσι
635 1239 793 1320 κεφαλῇσι(
811 1240 882 1299 οὕτω

81 1328 205 1392 εὐπετέες
222 1330 391 1408 χειρωθῆναί
405 1335 469 1389 εἶσι.
512 1331 573 1389 ἔστι
589 1329 619 1387 δὲ
637 1330 683 1387 καὶ
700 1327 793 1409 ἀγαθά
807 1332 883 1387 τοῖσι
959 1352 964 1360 ·

80 1416 132 1490 τήν
152 1415 268 1492 ἤπειρον
289 1419 394 1491 ε’κείνην
418 1417 604 1493 νεμομένοισι,
632 1415 689 1489 ὅσα
716 1415 778 1473 οὐδὲ
805 1418 882 1474 τοῖσι

82 1502 226 1561 συνάπασι
247 1502 373 1560 ἄλλοισι·
395 1503 451 1561 οἷπό
468 1506 576 1580 χρυσοῦ
593 1501 783 1579 ἀρξαμένοισι,
800 1501 882 1581 ἄργυ-

81 1615 130 1665 ρος
147 1591 192 1647 καὶ
207 1590 314 1667 χαλκός
335 1591 381 1646 καὶ
400 1588 487 1663 ἐσθής
505 1588 620 1663 ποικίλη
638 1589 684 1646 καὶ
699 1586 836 1668 ὑποζύγιά
852 1586 883 1647 τε

82 1676 129 1733 καὶ
142 1675 311 1752 ἀνδράποδα·
329 1675 365 1734 τοὶ
378 1677 455 1754 θυμῷ
464 1674 636 1752 βουλόμενοι
649 1673 729 1734 αὐτοὶ
739 1672 773 1734 ἂν
783 1673 882 1754 έχόιτε.

83 1763 259 1838 κατοίκηνται
279 1761 464 1839 δὲὀἷλλήλων
486 1762 621 1841 ε’χόμενοι,
641 1762 676 1827 ὦς
698 1763 751 1844 έγολ
770 1763 882 1841 φράσω.

81 1847 180 1910 Ἰάνων
198 1848 251 1927 μὲν
270 1850 355 1910 τῶνδε
376 1851 432 1910 οἵδε
456 1851 551 1920 Λυδοὶ,
575 1851 709 1914 οἰκέοντές
735 1877 766 1911 τε
789 1851 882 1931 χώρην

81 1936 191 2018 α’γαθήν
215 1939 261 1998 καὶ
285 1939 549 2020 πολυαργυράτατοι
571 1938 686 2002 ε’όντες·”
721 1939 825 2003 δεικνύς
853 1940 882 1999 δὲ

81 2026 160 2106 ἔλεγε
173 2030 261 2086 ταῦτα
274 2032 301 2090 ἐς
314 2030 363 2102 τῆς
376 2031 428 2108 γῆς
440 2026 492 2102 τήν
510 2026 639 2103 περίοδον
655 2024 708 2102 τήν
721 2027 836 2103 ἐφέρετο
854 2032 883 2086 ε’ν

79 2117 118 2190 τῷ
134 2112 230 2173 πίνακι
247 2114 456 2190 ἐντετμημένην·
483 2124 501 2148 “
510 2113 607 2173 Λυδῶν
626 2112 679 2183 δὲ,”
695 2115 749 2189 ἔφη
763 2114 852 2194 λέγων
866 2113 881 2173 ὁ

79 2200 291 2282 Ἀρισταγόρης,
306 2201 384 2259 “οἵδε
395 2201 505 2279 ἔχονται
518 2199 632 2282 Φρύγες,
644 2204 670 2260 οἱ
683 2201 754 2278 πρός
764 2200 818 2276 1τήν
830 2201 880 2276 ήῶ,

79 2289 371 2366 πολυπροβατώτατοι
389 2315 419 2348 τε
437 2287 527 2351 ε’όντες
541 2287 669 2348 ἁπάντων
682 2287 737 2348 τόν
751 2289 805 2370 ε’γολ
819 2288 881 2348 οἶδα

80 2377 126 2434 καὶ
145 2376 400 2454 πολυκαρπότατοι.
442 2380 558 2457 Φρυγῶν
578 2377 608 2435 δὲ
629 2378 739 2454 ἔχονται
760 2384 880 2436 Καππα-

80 2463 168 2536 δόκαι,
188 2464 253 2528 τούς
276 2464 357 2540 ήμεῖς
383 2466 498 2542 Συρίους
521 2465 667 2541 καλέομεν·
698 2462 825 2525 τούτοισι
852 2467 881 2526 δὲ

79 2551 234 2629 πρόσουροι
250 2557 373 2622 Κιλικες,
388 2552 553 2628 κατήκοντες
571 2552 617 2612 ε’πὶ
634 2552 786 2613 θάλασσαν
798 2553 881 2630 τήνδε

80 2645 108 2698 ἐν
128 2637 147 2717 ᾗ
168 2639 217 2715 ήδε
228 2638 353 2716 ΙΚύπρος
376 2643 463 2715 νήσας
480 2631 583 2699 κέεται·
605 2640 631 2699 οἳ
646 2638 818 2701 πεντακόσια
832 2641 880 2702 τά·

79 2732 169 2786 λαντα
181 2728 303 2804 βασιλέϊ
314 2725 364 2787 τόν
380 2728 502 2786 ἐπέτειον
516 2727 606 2805 φόρον
619 2733 788 2788 ἐπιτελεῦσι.
830 2735 881 2790 Κι-

79 2816 164 2875 λίκων
185 2816 215 2875 δὲ
236 2815 321 2876 τῶνδε
348 2814 469 2894 ἔχονται
481 2813 622 2893 Ἀρμένιοι
643 2817 710 2886 οἶδε,
733 2818 779 2875 καὶ
803 2812 880 2878 οὗτοι

79 2902 169 2967 ε’όντες
177 2902 406 2986 πολυπρόβατοι.
414 2929 418 2956 1
425 2902 578 2981 Ἀρμενίων
588 2903 617 2963 δὲ
627 2900 776 2980 Ματιηνοὶ,
786 2905 880 2984 χώρην

77 2988 160 3064 τήνδε
172 2991 291 3071 ἔχοντες.
317 3056 320 3063 ,
332 2991 424 3069 ἔχεται
437 2990 467 3050 δὲ
479 2989 584 3051 τούτων
595 2987 636 3072 γή
647 2990 697 3068 ἥδε
710 2993 832 3064 Κισσίη·
849 2998 878 3047 ὲν

77 3081 113 3155 τῇ
127 3077 160 3154 δή
173 3076 250 3156 παραὶ
263 3079 391 3156 ποταμόν
402 3079 483 3141 τόνδε
495 3077 643 3158 Χοάσπην
660 3077 781 3156 κείμενα
791 3071 913 3131 ἐοτιτδ

72 3166 169 3226 Σοῦσα
177 3165 271 3238 ταῦτα,
282 3169 350 3229 ἔνθα
358 3168 508 3247 βασιλεύς
517 3197 551 3231 τε
562 3170 658 3252 μέγας
665 3168 785 3227 δίαιταν
793 3155 937 3215 'nm'fflm

59 3249 340 3369 Ιίίὶγῶνχρημάτων
355 3263 385 3320 Οἱ
399 3261 557 3339 θησαυροὶ
569 3254 798 3320 ὲνθαῧτόείσι.
828 3236 962 3295 ἕλὀντες

91 3336 153 3376 ι-ἧ
