2024 3450
110 122 157 167 280
331 115 513 164 ἨΡΟΔΟΤΟΤ
530 113 931 179 0'1‘PANIA.[VIII..

109 197 180 274 ἡπερ
194 195 407 275 ὁμολογέειν[
370 220 409 252 τω
420 196 509 252 ταῦτα
523 194 712 273 ἐργασαμένῳ·
733 194 811 257 αιἰτις
825 194 913 265 δὲ,
879 223 914 257 το

108 281 315 357 Ελληνικόν’
302 281 348 342 εόν
375 280 496 359 ὅμαιμόν
523 307 554 342 τε
578 282 624 340 καὶ
649 280 850 362 ὁμόγλωσσον,
866 286 915 346 καὶ

111 372 180 432 θεῶν
199 369 334 447 ἱδρύματά
346 395 378 430 τε
392 368 469 429 κοινὰ
484 396 530 428 και
520 371 651 438 θυσίαι,
666 367 736 445 ἡθεά
748 395 779 429 τε
793 369 915 449 ὁμότρο-

109 485 159 518 πα·
188 463 242 520 τῶν
264 458 401 534 προδότας
423 459 555 539 γενέσθαι
577 456 740 534 Ἀθηναίους
757 457 807 518 οὐκ
825 458 861 519 ἂν
884 461 915 521 εὖ

111 548 177 627 ἔχοι.
222 547 379 607 ἐπίστασθέ
390 573 421 607 τε
435 545 512 614 οὕτω,
528 549 551 605 εἰ
569 544 609 622 μὴ
624 546 671 605 καὶ
684 545 821 623 πρότερον
835 552 915 628 ἐτυγ·

112 636 210 714 χάνετε
224 635 412 711 ἐπιστάμενοι·
429 632 485 693 ἐστ’
501 632 535 693 ἂν
546 634 591 691 καὶ
606 634 643 696 εἶς
656 639 738 712 περιῇ
747 633 914 711 Ἀθηναίων,

110 722 226 801 μηδαμοὶ
241 721 472 804 ὁμολογήσοντας
490 721 577 798 ἡμέας
590 722 690 799 Ξέρξη·
712 722 803 798 ἡμέων
816 723 915 799 μέντοι

83 872 87 878 ,
111 811 295 894 αγοίμεθα
261 838 313 887 την
334 811 466 888 προνοίην
490 810 542 885 τὴν
563 815 590 872 ές
608 809 695 885 ἡμέας
717 810 847 888 ἔχουσαν,
870 812 915 871 ὅτι

111 898 283 977 προείδετε
264 900 357 1005 ημέιρν
365 897 658 1009 οἰκοφθορημένων
627 923 705 966 ουτω,
718 897 790 957 ὥστε
804 901 914 976 ἐπιθρέ-

112 997 164 1064 ψαι
187 986 335 1047 ἐθέλειν
317 988 408 1062 ημέων
431 985 496 1048 τούς
520 987 635 1047 οἰκέτας·
667 985 712 1043 καὶ
731 982 799 1063 ἡμῖν
821 1012 876 1062 μεν
895 1013 915 1063 η

113 1075 194 1153 χάρις
225 1073 445 1149 ἐκπεπλήρωται·
480 1073 563 1150 ἡμέες
593 1073 688 1148 μέντοι
714 1072 915 1150 λιπαρήσομεν

112 1160 181 1222 οὕτω
200 1160 268 1222 ὅκως
288 1159 321 1220 ἂν
340 1162 452 1238 ἔχωμεν,
476 1159 554 1220 οὐδὲν
572 1160 721 1223 λυπέοντες
740 1159 836 1237 ἡμέας·
864 1166 916 1222 νῦν

112 1250 149 1323 δέ,
169 1249 204 1313 ὥς
221 1247 291 1307 οὕτω
311 1247 437 1327 ἐχόντων,
459 1248 595 1326 στρατιὴν
616 1246 651 1310 ὥς
669 1246 792 1326 τάχιστα
811 1250 915 1326 ἐκπέμ-

111 1363 187 1396 πετε·
216 1335 251 1399 ὥς
271 1335 326 1417 γὰρ
354 1335 436 1413 ἡμέες
463 1335 614 1413 εἰκάζομεν,
644 1334 693 1394 οὐκ
721 1335 783 1399 ἑκὰς
808 1337 916 1415 χρόνου

112 1426 250 1501 παρέσται
271 1424 287 1485 6
307 1424 457 1502 βάρβαρος
479 1424 612 1498 ἐσβαλὼν
640 1429 667 1486 ές
693 1423 744 1498 τὴν
765 1423 912 1503 ἡμετέρην,

113 1513 178 1573 ἀλλ’
203 1513 312 1573 ἐπειδᾶν
338 1513 461 1591 τάχιστα
487 1511 608 1587 πύθηται
631 1510 683 1586 τὴν
707 1510 843 1591 ἀγγελίην
871 1513 916 1573 ὅτι

113 1600 191 1661 οὐδὲν
222 1601 377 1677 ποιήσομεν
404 1604 459 1660 τῶν
486 1602 588 1662 ἐκεῖνος
614 1596 706 1674 ἡμέων
733 1599 915 1673 προσεδέετο.

113 1690 178 1765 πρὶν
202 1687 239 1747 ὧν
260 1692 386 1764 παρεῖναι
409 1690 511 1747 ἐκεῖνον
533 1691 561 1748 ές
584 1685 635 1760 τὴν
661 1684 799 1760 Ἀττικὴν,
825 1685 916 1764 ἡμέας

114 1776 206 1851 καιρός
220 1781 280 1834 ἐστι
294 1776 502 1851 προσβωθὴσαι
516 1778 543 1835 ἐς
556 1772 607 1848 τὴν
621 1771 780 1847 Βοιωτίην.”
812 1777 840 1832 οἱ
852 1779 915 1850 μὲν,

113 1867 201 1921 ταῦτα
219 1862 440 1937 ὑποκριναμένων
462 1860 616 1936 Ἀθηναίων
639 1858 866 1922 ἅπαλλάσσοπο
887 1869 916 1926 ἐς

115 1947 256 2026 Σπάρτην.
