2024 3450
96 109 237 174 192-197]
407 110 593 161 Ποιιιιιιιι.
849 110 895 160 201

96 191 256 251 δικαστέων·
283 189 299 250 ὁ
321 190 466 266 Σανδώκης
487 191 533 249 ἐπὶ
553 189 683 270 χρήμασι
703 188 800 250 ἅδικον
819 191 898 267 δίκην

96 280 216 339 ἐδίκασε·
238 277 496 355 ἀνακρεμασθέντος
513 277 550 337 ὧν
571 277 664 348 αὐτοῦ,
684 278 864 360 λογιζόμενος
881 278 897 338 ὁ

97 371 215 444 Δαρεῖος
233 364 296 443 εὗρέ
312 369 338 425 οἱ
355 367 432 424 πλέω
448 365 541 445 ἀγαθά
559 370 615 425 τῶν
630 365 835 443 ἁμαρτημάτων
851 392 896 424 πε-

95 455 233 530 ποιημένα
247 460 275 517 ἐς
288 455 364 515 οἶκον
382 453 432 513 τόν
447 453 613 530 βασιλήϊον·
636 452 721 530 είρών
734 454 763 512 δὲ
781 458 864 513 τοῦτο
882 454 898 513 ὁ

97 546 223 620 Δαρεῖος,
239 543 284 601 καὶ
302 542 385 624 γνοδς
404 541 439 605 ώς
457 540 596 620 ταχύτερα
613 539 696 604 αὐτός
715 540 733 616 ἢ
749 541 898 617 σοφώτερα

97 631 268 710 ἐργασμένος
295 630 345 705 εἴη,
367 631 460 688 ἔλυσε.
502 629 629 704 βασιλέα
651 631 703 705 μὲν
723 628 757 704 δὴ
779 633 900 704 Δαρεῖον

98 717 168 776 οὕτω
189 716 331 797 διαφυγών
350 715 390 793 μὴ
412 715 579 786 ἀπολέσθαι,
600 719 707 794 περιῆν·
736 716 807 775 τότε·
824 717 853 774 δὲ
873 720 901 779 ἐς

97 804 161 866 τούς
175 804 320 879 Ἕλληνας
336 804 532 874 καταπλώσας,
551 805 652 882 ἔμελλε
670 803 703 863 αὖ
723 802 755 863 τό
775 803 900 881 δεύτερον

99 891 241 972 διαφυγών
251 892 377 953 ἔσεσθαι·
393 892 427 955 ώς
436 893 491 973 γάρ
500 898 594 967 σφεας
604 892 677 952 εἶδον
686 893 902 969 προσπλέοντας

99 982 125 1038 οἶ
141 978 285 1054 Ἕλληνες,
306 980 443 1056 μαθόντες
463 978 552 1039 αὐτῶν
572 980 624 1056 την
643 981 792 1061 γινομένην
812 980 900 1059 ἀμαρ-

98 1067 176 1136 τάδα,
205 1069 412 1146 ἐπαναχθέντες,
434 1067 565 1132 εὐπετέως
593 1070 685 1143 σφέας
706 1069 791 1128 εἶλον.
832 1069 947 1129 Ἐν195

98 1158 215 1216 τουτέων
234 1160 286 1235 μιῇ
305 1155 449 1233 Ἀρίδωλις
469 1158 562 1216 πλέων
582 1156 650 1231 ἥλω,
664 1157 796 1233 τύραννος
815 1157 901 1216 Ἀλο-

49 1236 52 1242 “
97 1243 209 1319 βάνδων
234 1249 289 1304 τών
315 1249 344 1304 ἐν
371 1247 473 1323 Καρίῃ·
509 1250 537 1303 ἐν
568 1247 646 1324 ἑτέρῃ
674 1244 711 1313 δὲ,
743 1244 758 1303 ό
786 1245 901 1319 Πάφιος

99 1333 256 1414 στρατηγός
274 1331 422 1395 Πενθύλος
436 1332 451 1390 ό
466 1332 623 1407 Δημονόου,
639 1331 671 1394 ὃς
691 1331 743 1412 ἦγε
763 1334 815 1407 μὲν
836 1330 900 1390 δυώ-

99 1418 164 1477 δεκα
192 1426 258 1494 νῆας
285 1425 315 1478 ἐκ
343 1420 457 1494 Πάφου,
486 1418 643 1495 ἀποβαλών
670 1419 702 1476 δέ
728 1426 824 1494 σφεων
851 1417 901 1482 τάς
940 1458 943 1464 ·

100 1507 195 1564 ἕνδεκα
207 1511 245 1584 τῷ
260 1510 374 1583 χειμῶνι
385 1510 430 1583 ’τῷ
449 1508 587 1585 γενομένῳ
608 1505 678 1564 κατά
700 1506 836 1581 Σηπιάδα,
849 1510 901 1585 μιῇ

100 1598 136 1670 τῇ
156 1594 353 1672 περιγενομένῃ
378 1594 540 1652 καταπλέων
564 1592 606 1650 ἐπ’
626 1593 805 1670 Ἀρτεμίσιον
831 1594 901 1668 ἥλω.

100 1679 214 1742 τούτους
234 1682 260 1738 οἱ
276 1679 422 1755 Ἕλληνες,
439 1679 669 1756 ἐξιστορήσαντες
689 1680 725 1740 τά
745 1681 900 1756 ἐβούλοντο

101 1769 241 1827 πυθέσθαι
268 1766 323 1826 ἀπό
343 1771 394 1842 τῆς
414 1768 521 1844 Ξέρξεω
542 1773 683 1845 στρατιῆς,
702 1769 903 1848 ἀποπέμπουσι

102 1855 260 1933 δεδεμένους
273 1861 300 1918 ἐς
312 1855 361 1915 τόν
372 1856 525 1932 Κορινθίων
538 1855 663 1932 Ἰσθμόν.

142 1943 176 2002 ‘0
197 1947 249 2020 μὲν
269 1943 303 2020 δῇ
323 1943 449 2007 ναυτικός
469 1943 485 2003 ό
504 1943 731 2023 τῶνβαρβάρων
751 1946 878 2021 στρατός,
891 1949 948 2007 196

101 2031 192 2109 πάρεξ
210 2037 264 2093 τῶν
283 2031 477 2092 πεντεκαίδεκα
497 2037 565 2107 νεῶν
584 2037 639 2091 τών
660 2032 738 2093 εἶπον
757 2033 902 2094 Σανδώκεα

103 2122 292 2203 στρατηγέειν,
309 2120 423 2180 ἀπίκετο
441 2126 468 2183 ἐς
485 2119 618 2195 Ἀφέτας.
658 2120 765 2197 Ξέρξης
780 2120 810 2178 δὲ
825 2120 904 2180 καὶὸ

102 2209 191 2282 πεζός,
206 2208 349 2285 πορευθεὶς
364 2208 409 2268 διά
428 2210 592 2284 Θεσσαλίης
612 2208 657 2267 καὶ
670 2208 805 2287 Ἀχαιίης,
820 2210 902 2284 ἐσβε-

55 2307 57 2313 ’
102 2297 217 2372 βληκώς
230 2296 264 2373 ἦν
278 2298 324 2356 καὶ
338 2296 372 2371 δῇ
382 2301 504 2374 τριταῖος
517 2302 544 2359 ἐς
555 2297 692 2372 Μηλιέας·
715 2301 744 2356 ἐν
754 2298 902 2376 Θεσσαλίῃ

102 2387 154 2460 μὲν
173 2384 297 2460 ἅμιλλαν
316 2383 506 2460 ποιησόμενος
522 2385 613 2444 ἵππων
628 2388 683 2444 τών
704 2388 812 2457 ἑωυτοῦ,
835 2385 903 2444 α’πο-

103 2471 270 2549 πειρώμενος
294 2473 340 2530 καὶ
366 2477 416 2547 τῆς
442 2473 607 2548 Θεσσαλίης
629 2473 724 2541 ἵππου,
748 2471 904 2549 πυθόμενος
950 2547 952 2550 .

105 2560 139 2622 ώς
153 2559 255 2636 ἀρίστη
266 2561 308 2635 εἴη
321 2563 376 2619 τῶν
387 2565 416 2619 ἐν
424 2560 561 2637 Ἕλλησι·
579 2562 644 2622 ἔνθα
658 2561 691 2636 δῇ
703 2564 732 2620 αἱ
741 2561 904 2638 Ἑλληνίδες

105 2648 186 2706 ἵπποι
200 2648 330 2708 ἐλίποντο
343 2647 461 2708 πολλόν.
503 2652 558 2708 τῶν
576 2650 627 2726 μέν
645 2674 693 2709 νυν
710 2653 739 2708 ἐν
754 2651 904 2729 Θεσσαλίῃ
968 2650 985 2661 “

105 2738 246 2812 ποταμῶν,
276 2735 431 2814 Ὀνόχωνος
470 2739 573 2813 μοῦνος
607 2736 656 2796 οὐκ
691 2736 835 2816 ἀπέχρησε
868 2743 904 2816 τῇ

105 2827 223 2902 στρατιῇ
246 2825 279 2884 τό
301 2824 421 2901 ῥέεθρον,
443 2823 598 2901 πινόμενος·
619 2830 674 2884 τών
693 2825 722 2883 δὲ
741 2830 770 2884 ἐν
792 2825 904 2903 Ἀχαιίῃ

106 2917 238 2988 ποταμῶν
250 2911 374 2988 ῥεόντων,
390 2911 453 2972 οὐδὲ
466 2911 545 2975 ὅστις
561 2913 576 2972 o‘
589 2914 723 2992 μέγιστος
742 2911 830 2969 αὐτῶν
844 2913 905 2969 ἐστὶ

105 2996 264 3073 Ἠπιδανός,
280 2999 343 3059 οώδέ
358 2997 437 3074 οὗτος
450 3000 577 3079 ἀντέσχε,
594 3005 617 3058 εἰ
630 3000 671 3075 μὴ
686 2999 825 3074 φλαύρως.

147 3084 194 3149 'Es
208 3085 300 3146 Ἀλον
317 3088 346 3146 δὲ
366 3092 417 3163 τῆς
429 3087 558 3167 Ἀχαιίης
573 3087 734 3163 ἀπικομένας
746 3085 856 3157 Ξέρξῃ,
867 3086 964 3136 &W

108 3173 291 3251 κατηγεμόνες
303 3179 354 3252 τῆς
367 3175 434 3237 ὁδοῦ
446 3176 628 3256 βουλόμενοι
636 3174 673 3234 τδ
683 3177 743 3231 πᾶν
754 3163 967 3254 ἐΐςιχ·ηέ·εεςδαι,ἢ

96 3257 199 3339 ἔλεγόν
221 3263 249 3321 οἱ
269 3265 428 3345 ἐπιχώριον
459 3267 564 3352 λόγον,
588 3264 631 3326 τὰ
658 3261 733 3337 περὶ
757 3255 796 3317 τὶ
817 3247 889 3323 ’ΨῖΝ
917 3258 975 3292 '⁶⁸'
