2024 3450
134 113 183 163 σοι
441 110 625 158 ἨΡοΔοτοτ
876 109 944 176 [1x;

134 190 329 266 Ἀλεξάνδρον·
355 189 422 248 όδέ
441 187 530 266 τούτῳ
553 190 592 266 τῷ
619 186 697 267 λόγῳ
723 188 944 266 καταρρωδήσας

135 278 200 340 τούς
227 279 351 354 Πέρσας,
376 278 456 357 ἔλεγε
476 275 552 336 τάδε·
579 275 666 333 “ε’πεὶ
689 275 782 335 τοίνυν
810 280 839 339 ἐς
862 275 944 355 ήοῖή

136 365 273 440 συμβολή
289 366 403 446 γίνεται,
421 364 507 441 ιῖμέας
526 366 578 439 μὲν
595 362 679 441 χρεόν
700 367 762 422 ἔστι
779 362 848 427 τούς
858 362 944 442 Ἀθη-

136 454 228 515 ναίους
241 457 342 528 στῆναι
356 452 427 512 κατά
439 452 503 514 τούς
513 451 638 528 Πέρσας,
647 449 736 526 ἡμέας
748 450 779 509 δὲ
793 451 866 511 κατά
879 453 944 518 τοῖς

136 541 273 604 Βοιωτούς
284 567 316 600 τε
330 541 375 598 καὶ
389 540 453 603 τοῖς
466 538 524 599 κατ’
540 538 626 616 ιῖμέας
638 538 825 618 τεταγμένους
838 539 944 618 Ἑλλή-

136 656 196 699 νων,
219 628 304 689 τῶνδε
326 628 425 687 εἵνεκα·
459 626 537 703 ὖμεῖς
558 626 714 685 ἐπίστασθε
736 625 803 689 τοῖς
826 622 944 703 Μήδους

137 719 182 775 καὶ
204 717 256 791 τήν
271 715 365 794 μάχην
387 714 483 786 αὐτῶν,
509 719 537 773 έν
560 714 716 788 Μαραθῶνι
736 714 943 792 μαχεσάμενοι·

140 805 217 880 ἡμεῖς
241 803 270 862 δὲ
292 801 405 879 ἄπειροί
422 803 454 862 τέ
477 805 552 878 εἰμεν
575 801 620 859 καὶ
643 799 738 862 ἀδαέες
758 800 866 862 τούτων
889 809 944 863 τῶν

136 892 251 967 ἀνδρῶν·
280 891 475 967 Σπαρτιητέων
495 888 550 970 γάρ
572 887 659 951 οὐδεὶς
685 889 852 966 πεπείρηται
879 893 943 967 Μή-

138 978 199 1036 δων·
239 976 319 1052 ἡμεῖς
346 977 376 1035 δὲ
402 981 529 1036 Βοιονταῖν
557 976 603 1034 καῖ
629 979 788 1036 Θεσσαλῶν
816 973 945 1057 ἔμπειροί

136 1068 219 1140 εἰμεν.
261 1061 327 1121 ἀλλ’
341 1063 537 1138 ἀναλαβόντας
552 1062 588 1123 τά
605 1062 681 1123 ὅπλα
693 1062 778 1141 χρεόν
790 1068 855 1124 ε’στι
873 1068 942 1126 ἰέναι

136 1151 223 1229 όμέας
243 1153 295 1227 μὲν
315 1155 342 1214 ές
362 1150 425 1210 τόδε
447 1151 480 1210 τό
504 1153 593 1228 κέρας,
612 1150 700 1227 ἡμέας
721 1151 751 1209 δὲ
772 1156 800 1214 ές
821 1153 856 1212 τό
878 1149 943 1213 εὐά-

136 1237 246 1317 νυμον.”
287 1238 357 1317 πρός
380 1239 409 1297 δὲ
432 1242 519 1299 ταῦτα
544 1239 624 1297 εἶπαν
648 1241 675 1297 οῖ
697 1237 842 1314 Ἀθηναῖοι
865 1242 943 1301 τάδε·

137 1337 154 1362 “
163 1329 208 1386 καὶ
222 1325 334 1387 αότοῖσι
346 1325 413 1403 ἡμῖν
429 1325 518 1384 πάλαι
537 1324 583 1384 ἀπ’
597 1325 694 1406 ἀρχῆς,
709 1327 771 1384 ε’πεί
786 1352 817 1385 τε
832 1327 943 1406 εἴδομεν

137 1414 195 1472 κατ’
227 1415 315 1491 ὑμέας
347 1414 540 1491 τασσομένους
572 1412 638 1476 τοῖς
671 1413 794 1490 Πέρσας,
824 1419 854 1473 έν
888 1417 943 1496 νόῳ

137 1503 245 1582 ἐγένετο
268 1506 354 1562 εἰπεῖν
374 1505 463 1563 ταῦτα
483 1501 570 1577 τάπερ
592 1499 669 1576 ὑμεῖς
691 1499 812 1576 φθάντες
833 1506 942 1579 προφέ-

136 1616 207 1665 ρετε·
242 1590 320 1650 ἀλλά
345 1590 401 1671 γάρ
429 1588 601 1667 ἀρρωδέομεν
627 1589 667 1664 μή
694 1587 760 1664 όμῖν
785 1586 836 1646 οὐκ
863 1589 943 1664 ἡδέες

136 1678 266 1756 γένωνται
285 1680 311 1737 οἶ
330 1676 422 1758 λόγοι·
443 1677 503 1736 ἐπεὶ
524 1676 547 1735 δ’
562 1675 598 1736 ὧν
614 1674 694 1735 αὐτοὶ
712 1674 880 1752 έμνήσθητε,
895 1680 943 1737 καὶ

136 1764 298 1839 ἡδομένοισι
311 1764 379 1840 ἡμῖν
393 1767 419 1823 οἱ
433 1764 515 1846 λόγοι
528 1764 671 1846 γεγόνασι,
686 1763 733 1823 καὶ
743 1766 854 1841 ἕτοῖμοί
865 1769 943 1842 εἰμεν

87 1852 124 1909 47
135 1851 238 1909 ποιέειν
258 1850 370 1909 rafim?
411 1851 459 1914 Ὦς
476 1852 498 1911 δ’
514 1852 616 1929 ἤρεσκε
636 1850 825 1928 ἀμφοτέροισι
841 1857 941 1924 ταῦτα,

136 1936 190 2012 ήάς
201 1964 232 1997 τε
246 1938 370 2013 διέφαινε
384 1939 429 1998 καὶ
443 1939 655 1999 διαλλάσσοντο
667 1938 718 2002 τάς
726 1938 812 2007 τάξις·
827 1939 943 2021 γνόντες

138 2027 167 2085 δὲ
195 2030 221 2086 οἶ
243 2028 360 2087 Βοιωτοὶ
382 2027 415 2087 τό
440 2027 610 2104 ποιεόμενον,
639 2025 835 2108 ἐξαγορεύουσι
858 2033 942 2106 Μαρ-

136 2115 224 2195 δονίῳ·
246 2115 262 2175 ό
295 2116 383 2175 ’έπεί
400 2141 431 2175 τε
451 2113 564 2190 ἤκουσε,
586 2114 684 2174 αὐτίκα
705 2113 871 2190 μετιστάναι
893 2117 942 2175 καὶ

135 2202 218 2264 αὐτός
244 2207 380 2278 ἐπειρᾶτο,
408 2201 541 2282 παράγων
560 2202 624 2265 τοῖς
644 2203 760 2280 Πέρσας
783 2201 855 2260 κατά
874 2203 942 2271 τούς

135 2287 378 2364 Λακεδαιμονίους.
420 2287 455 2351 οῖς
475 2288 505 2346 δὲ
525 2290 610 2365 έμαθε
629 2293 714 2349 τοῦτο
732 2291 844 2348 τοιοῦτο
863 2290 942 2369 γινό·

134 2399 218 2449 μενον
236 2373 252 2433 ό
271 2376 442 2451 Παυσανίης,
461 2375 545 2455 γνοιῖς
565 2376 608 2436 ὅτι
631 2374 663 2436 οὗ
684 2375 823 2445 λανθάνει,
846 2374 941 2436 ὀπίσω

134 2459 186 2541 ἦγε
198 2459 263 2523 τοῖς
273 2461 450 2538 Σπαρτιήτας
463 2463 509 2521 ε’πὶ
518 2463 551 2523 τό
565 2463 655 2533 δεξιόν
665 2463 755 2541 κέρας·
771 2461 807 2526 οῖς
816 2461 840 2522 δ’
850 2462 941 2528 οὕτως

135 2548 181 2606 καὶ
194 2547 210 2607 ό
224 2548 382 2624 Μαρδόνιος
395 2550 440 2609 ε’πὶ
452 2554 503 2610 τοῦ
517 2548 663 2627 εὐωνύμου,

85 2638 125 2694 48
169 2633 250 2693 Ἐπεὶ
263 2635 293 2694 δὲ
303 2638 480 2712 κατέστησαν
494 2643 521 2700 ές
533 2637 584 2700 τάς
597 2637 715 2717 ἀρχαίας
724 2637 810 2708 τάξις,
819 2638 938 2718 πέμψας

134 2720 149 2781 ό
164 2720 321 2798 Μαρδόνιος
335 2723 441 2799 κήρυκα
453 2729 481 2788 ές
493 2724 558 2788 τούς
577 2725 754 2802 Σπαρτιήτας
768 2727 847 2806 ἔλεγε
859 2726 939 2786 τάδε·

135 2808 182 2868 “ὦ
203 2808 424 2887 Λακεδαιμόνιοι,
447 2811 527 2890 όμεῖς
548 2812 583 2888 δή
605 2814 727 2893 λέγεσθε
749 2812 819 2873 εἶναι
840 2808 940 2891 ἄνδρες

133 2896 244 2975 άριστοι
257 2897 311 2958 ἀπό
329 2901 385 2959 τῶν
403 2899 470 2978 τῇδε
486 2898 644 2978 ἀνθρώπων,
659 2900 888 2980 ἐκπαγλεομένων
901 2901 940 2965 οἷς

134 2985 196 3046 οὔτε
212 2985 329 3069 φεύγετε
347 2991 378 3046 εἰ(
395 2987 523 3064 πολέμου
541 2985 604 3047 οὔτε
622 2985 701 3056 τάξιν
722 2987 872 3058 ἐκλείπετε,
886 2989 939 3065 μέ-

131 3076 226 3139 νοντές
237 3074 300 3154 τεῆ
317 3073 461 3136 ἀπόλλυτε
480 3073 544 3138 τοῖς
565 3074 733 3151 έναντέουςῆ
749 3074 829 3136 αὐτοὶ
846 3073 938 3136 ἀπόλ-

69 3158 92 3240 ᾓ
116 3165 223 3227 λυσθε.
269 3169 327 3230 τοῖν
349 3164 373 3228 δ’
395 3163 439 3247 ἀρ’
460 3163 497 3246 ἥν
522 3161 602 3224 οὖδὶν
627 3163 739 3237 ἀληθές·
760 3163 825 3234 πρὶν
846 3163 902 3236 γδρ
922 3165 944 3234 ἢ

121 3256 260 3334 ψμμιῗαι
281 3257 377 3339 ήμέας
395 3263 426 3325 ἐς
447 3258 555 3342 χειρῶν
571 3279 606 3315 τε
624 3250 714 3327 νόμον
733 3245 899 3306 ἀπικέσθαι,
916 3248 966 3297 καὶ
