2024 3450
160 99 206 146 ιιι
463 97 645 145 Ἤνοιουου
883 98 961 164 [vu

111 180 168 236 153
216 176 264 240 Ἐς
282 175 377 251 δὲτὴν
398 176 528 252 Σικελίην
550 175 635 235 ἄλλοι
650 201 681 235 τε
701 173 821 257 άπίκατο
840 175 962 259 ἄγγελοι

157 264 213 323 άπό
230 268 284 324 τῶν
298 262 454 341 συμμάχων
468 263 654 340 συμμίξοντες
671 264 785 332 Γέλωνι,
801 265 846 321 καὶ
864 265 898 340 δή
914 270 963 328 καί

157 351 212 411 άπό
229 356 283 410 τῶν
300 351 525 427 Λακεδαιμονίων
542 350 675 431 Σύαγρος.
718 355 767 409 τοῦ
786 351 815 409 δὲ
834 353 961 420 Γέλωνος

156 439 255 500 τούτου
273 439 418 519 πρόγονος,
440 439 555 515 οἰκήτωρ
578 439 629 497 ἐιίν
647 439 745 514 Γέλης,
764 438 799 514 ἦν
818 445 848 498 ἐκ
869 441 962 517 νήσου

156 528 250 603 Τήλου
277 532 328 604 τῆς
354 528 400 586 ἐπὶ
427 528 547 606 Τριοπίῳ
576 527 709 603 κειμένης
741 525 771 588 ὃς
799 529 962 608 κτιζομένης

157 617 246 692 Γέλης
258 616 313 676 ὑπὸ
324 616 441 675 Λινδίων
450 641 480 674 τε
493 618 548 673 τῶν
559 619 588 673 ἐκ
602 613 700 672 Ῥόδου
715 614 760 672 καὶ
773 614 960 694 Ἀντιφήμου,

157 704 205 762 οὐκ
224 704 351 780 ἐλείφθη·
373 702 426 762 dmi
441 701 544 782 χρόνον
562 702 591 760 δὲ
611 700 696 760 αὐτοῦ
715 705 741 761 οἱ
762 701 897 789 α’πόγονοι
914 733 961 786 γε·

156 791 266 869 νόμενοι
277 790 423 869 ἱροφάνται
436 794 491 850 τῶν
503 791 622 868 χθονίων
633 791 702 850 θεῶν
712 790 849 849 διετέλεον
858 790 958 868 ἐόντες,

156 883 277 956 Τηλίνεω
296 880 355 942 ἑνός
373 905 420 939 τευ
438 883 493 939 τῶν
511 878 654 959 προγόνων
673 879 849 954 κτησαμένου
864 881 961 962 τρόπῳ

155 969 258 1045 τοιῷδε·
280 974 307 1030 ἐς
328 966 495 1043 Μακτώριον
512 967 596 1024 πόλιν
613 966 664 1040 τήν
684 965 752 1043 ὑπὲρ
773 967 862 1042 Γέλης
884 973 960 1047 οἰκη-

154 1055 240 1130 μένην
264 1056 368 1134 έφυγον
392 1053 486 1128 α”νδρες
513 1053 637 1123 Γελοίων,
664 1055 831 1117 ἑσσωθέντες
859 1057 959 1118 στάσι·

154 1139 269 1204 τούτους
282 1140 318 1201 ὧν
331 1139 347 1200 ό
361 1142 480 1216 Τηλίνης
495 1140 634 1220 κατήγαγε
649 1146 675 1202 ἐς
689 1143 790 1218 Γέλην,
803 1145 871 1223 ἔχων
882 1144 960 1206 οὐδε-

154 1229 221 1307 μίαν
247 1229 351 1306 άνδρῶν
375 1228 489 1305 δύναμιν
513 1227 578 1286 ἀλλ’
601 1228 646 1306 ἱρά
669 1229 772 1289 τούτων
795 1235 850 1290 τῶν
877 1233 959 1292 θεῶν·

155 1317 219 1378 ὅθεν
238 1313 361 1385 δέ,αι’τά
382 1319 469 1392 ἔλαβε
490 1314 508 1392 ἢ
529 1314 611 1380 αὐτός
635 1316 781 1392 ἐκτήσατο,
803 1324 885 1379 τοῦτο
908 1322 959 1383 οόκ

155 1407 209 1485 ἐχω
230 1410 324 1467 εἰπεῖν·
352 1407 476 1465 τοίτοισι
497 1403 519 1463 δ’
541 1403 578 1465 ὦν
598 1406 714 1468 πίσυνος
735 1407 793 1476 ἐοίν,
816 1408 959 1492 κατήγαγε

156 1493 198 1553 ἐπ’
219 1493 240 1575 ᾧ
263 1521 295 1555 τε
319 1497 346 1554 οἰ
369 1493 502 1575 ἀπόγονοι
526 1491 610 1554 αὐτοῦ
636 1493 783 1570 ἱροφάνται
807 1499 862 1555 τῶν
887 1499 959 1560 θεῶν

155 1582 275 1644 ἐσονται.
317 1583 397 1659 θῶμά
416 1609 466 1660 μοι
485 1580 521 1641 ὧν
542 1582 588 1641 καὶ
608 1586 691 1642 τοῦτο
712 1583 809 1663 γέγονε
829 1584 901 1661 πρός
920 1592 959 1648 τὰ

154 1665 328 1748 πυνθάνομαι
342 1669 570 1751 κατεργάσασθαι
584 1670 705 1747 Τηλίνην
716 1672 797 1752 ἔργον
807 1677 957 1735 τοσοῦτον·

153 1758 189 1818 τά
209 1763 325 1819 τοιαῦτα
345 1758 399 1838 γάρ
422 1760 488 1838 ἔργα
509 1757 541 1817 οὗ
559 1757 628 1831 πρός
647 1763 697 1816 τοῦ
715 1758 836 1824 ἅπαντας
856 1759 958 1839 οἷνδρδς

155 1835 283 1922 νενόμικα
299 1845 435 1924 γίνεσθαι,
450 1843 527 1901 α’λλοί
544 1843 612 1918 πρός
631 1850 723 1923 ψυχῆς
738 1873 768 1906 τε
786 1847 893 1929 α’γαθῆς
910 1853 959 1911 καὶ

153 1932 246 2008 ῥώμης
260 1930 396 2008 ἀνδρηίης·
413 1929 429 1989 ό
444 1930 473 1988 δέ
486 1931 598 2009 λέγεται
611 1931 681 2015 πρός
694 1936 744 2007 τῆς
758 1936 887 2013 Σικελίης
900 1942 958 1998 τῶν

154 2019 302 2097 οἰκητόρων
312 2019 347 2079 τοὶ
360 2018 508 2078 ιίπεναντία
517 2016 628 2088 τούτων,
640 2023 792 2095 πεφυκέναι
804 2025 958 2103 θηλυδρίης

152 2136 183 2169 τε
204 2110 249 2169 καὶ
266 2098 465 2186 μαλακώτερος
485 2105 566 2187 α’νήρῇ
586 2106 656 2168 οὕτω
676 2109 728 2185 μέν
748 2137 795 2170 νυν
816 2112 958 2187 ἐκτήσατο

107 2199 162 2255 154
173 2202 256 2257 τοῦτο
269 2196 305 2263 ,τό
322 2196 414 2276 γέρας·
436 2194 598 2273 Κλεάνδρου
614 2196 644 2256 δὲ
659 2200 709 2256 τοῦ
731 2197 892 2274 Παντάρεος
914 2230 957 2262 τε·

153 2284 340 2359 λευτήσαντος
362 2281 412 2344 τόν
435 2284 510 2360 βίον,
535 2283 565 2348 ὃς
587 2282 765 2361 ἐτυράννευσε
787 2285 839 2360 μὲν
864 2289 959 2366 Γέλης

153 2371 222 2431 ἑπτά
236 2373 298 2431 ἐτεα
310 2370 431 2431 ἀπέθανε
442 2371 471 2431 δὲ
480 2371 535 2432 ὑπό
551 2371 705 2448 Σαβύλλου
719 2369 818 2448 άνδρὸς
831 2376 956 2446 Γελοίου,

153 2461 271 2519 ἐνθαῦτα
290 2458 485 2536 ἀναλαμβάνει
502 2460 554 2537 τὴν
571 2460 742 2538 μουναρχίην
757 2458 955 2540 Ἱπποκράτης,

153 2545 316 2624 Κλεάνδρου
336 2547 386 2608 ἐάν
407 2547 554 2624 ἀδελφεός·
576 2548 687 2625 ἔχοντος
707 2547 736 2607 δὲ
755 2547 957 2626 Ἱπποκράτεος

151 2635 203 2710 τήν
215 2635 370 2712 τυραννίδα,
384 2635 400 2696 ό
416 2637 518 2705 Γέλων,
533 2633 584 2694 ε’ὢν
597 2634 719 2709 Τηλίνεω
736 2640 785 2695 τοῦ
800 2638 956 2713 ἱροφάντεω

152 2719 299 2802 ἀπόγονος,
312 2727 428 2784 πολλῶν
443 2723 502 2801 μετ’
516 2720 612 2782 ἄλλων
630 2721 676 2780 καὶ
693 2724 884 2800 Αἰνησιδήμου
903 2733 955 2788 τοῦ

153 2815 297 2888 Παταΐκοῦ
306 2809 338 2874 ὃς
347 2810 547 2888 ἦνδορυφόρος
558 2808 756 2885 Ἱπποκράτεος
769 2856 870 2872 .....
881 2816 955 2890 μετά

152 2898 182 2959 δὲ
195 2899 227 2960 οὐ
242 2898 354 2958 πολλόν
365 2898 467 2978 χρόνον
480 2896 513 2957 δι’
527 2895 628 2974 ἀρετήν
641 2895 781 2977 ἀπεδέχθη
795 2900 889 2976 πάσης
903 2908 955 2980 τῆς

144 2988 236 3050 ἵππου
260 2987 331 3050 εἶναι
354 2986 505 3068 ἵππαρχος.
534 2984 759 3070 πολιορκέοντος
781 2988 836 3068 γάρ
858 2987 954 3050 Ἱππο·

129 3077 256 3154 κράτεος
282 3078 514 3142 Καλλιπολίτας
539 3101 575 3139 τε
597 3072 644 3134 καὶ
662 3073 801 3142 Ναξίους,
824 3074 963 3153 122*sz-

116 3169 248 3237 ΚᾸοῖους
268 3199 305 3236 τε
329 3173 379 3236 καί
398 3170 587 3238 Λεοντίνους,
605 3162 654 3224 καὶ
672 3159 757 3238 πρὸς,
770 3159 987 3230 ἳὈΡῆΚῦὉῦλῦὋῑ

105 3275 144 3311 τε
167 3261 224 3318 καί
251 3269 316 3327 τῶν
342 3264 524 3346 βαρβάρων
547 3250 696 3336 συχνοδς,
715 3244 792 3316 ἀνὴρ
813 3240 949 3312 ἐῴαίνετο
973 3247 1002 3297 {v
