2024 3450
139 120 187 170 ιιι
445 115 627 163 Ἧνοιοτου
849 111 945 178 [vm.

138 197 295 273 ἀνθρώπων,
304 199 360 257 τῶν
373 194 453 272 ἡμεῖς
467 195 553 271 ἴδμεν,
563 194 736 270 Σπαρτιῆται
745 193 948 272 προέπεμψαν.

92 286 148 344 125
157 283 206 347 Ὡς
219 283 248 342 δὲ
262 289 293 342 ἐκ
305 288 355 359 τῆς
365 283 573 359 Λακεδαίμονος
585 282 701 340 άπίκετο
712 286 740 343 ἐς
751 279 802 343 τάς
811 279 947 358 Ἀθήνας,

140 372 259 431 ἐνθαῦτα
272 371 432 447 Τιμόδημος
444 369 614 446 Ἀφιδναῖος,
629 372 684 429 τῶν
703 369 811 448 ἐχθρῶν
823 371 878 445 μὲν
891 374 948 431 τῶν

139 460 347 536 Θεμιστοκλέος
381 457 439 528 ἐῶν,
467 457 562 521 άλλως
589 459 618 516 δέ
646 456 678 516 οιί
704 461 760 517 τῶν
786 459 948 532 ἐπιφανέων

138 546 251 626 ἀνδρῶν,
273 547 369 627 φθόνῳ
390 546 588 627 καταμαργέων
615 545 715 604 ἐνείκεε
734 543 785 604 τόν
804 551 946 623 Θεμιστο-

138 637 216 710 κλέα,
231 634 283 712 τήν
301 641 329 699 ἐς
345 635 540 711 Λακεδαίμονα
558 632 651 702 ἄπιξιν
669 633 826 709 προφέρων,
846 634 883 699 οἷς
900 627 946 696 διά

137 723 188 787 τάς
202 723 323 800 Ἀθήνας
339 724 398 803 ἔχοι
413 722 449 783 τά
466 722 549 801 γέρεα
564 720 600 780 τοὶ
616 721 693 797 παραὶ
706 720 943 800 Λακεδαιμονίων,

138 810 203 871 άλλ’
218 812 250 871 οὗ
268 812 302 871 δι’
320 810 428 871 ἐωυτόν·
450 810 465 870 ὁ
482 811 520 879 δέ,
535 810 597 868 ε’πεί
611 835 642 869 τε
656 807 706 868 οὐκ
723 807 841 868 ἐπαίετο
854 815 946 872 ταῦτα

138 901 229 979 λέγων
244 899 260 959 ό
277 897 444 976 Τιμόδημος,
464 898 533 956 εἶπε·
555 896 653 957 ’(οὗτω
675 897 732 975 έχει
753 922 807 955 τοι·
830 895 888 956 οὔτ’
912 899 941 960 ἂι

139 987 200 1066 ἐγώ,
216 987 266 1046 ε’ὢν
283 987 459 1062 Βελβινίτης,
480 983 613 1061 ἐτιμήθην
629 983 700 1044 οὕτω
716 982 787 1060 πρδς
802 985 944 1064 Σπαρτιη.

137 1074 215 1133 τέων·
236 1072 292 1133 οὔτ’
306 1070 342 1131 ἂν
355 1073 400 1143 ατ),
416 1072 553 1149 ὤνθρωπε,
572 1072 623 1132 εὀλν
639 1069 813 1147 Ἀθηναῖος.”
854 1078 943 1135 ταῦτα

137 1161 190 1237 μέν
204 1187 252 1221 νυν
265 1166 291 1224 ἐς
304 1164 425 1222 τοσοῦτο
441 1161 555 1241 ἐγένετο.

92 1250 149 1307 126
198 1247 373 1326 Ἀρτάβαζος
393 1249 423 1308 δέ
445 1247 461 1308 ό
482 1247 647 1325 Φαρνάκεος,
668 1247 737 1326 ἀνήρ
759 1252 789 1309 ἐν
807 1252 945 1331 Πέρσησι

138 1337 256 1419 λόγιμος
270 1338 316 1396 καὶ
329 1335 439 1414 πρόσθε
453 1335 512 1406 ἐῶν,
527 1341 557 1394 ἐκ
577 1337 607 1395 δέ
622 1339 678 1397 τῶν
696 1341 879 1397 Πλαταιῖκῶν
898 1340 945 1398 καὶ

138 1430 251 1501 μᾶλλον
273 1428 313 1486 ἐτι
337 1424 492 1506 γενόμενος,
517 1425 586 1502 ἔχων
608 1424 639 1492 ἐξ
659 1424 793 1503 μυριάδας
817 1434 944 1503 στρατοῦ

138 1512 189 1572 τόν
202 1513 360 1590 Μαρδόνιος
375 1513 528 1582 ἐξελέξατο,
541 1511 703 1588 προέπεμπε
716 1513 845 1589 βασιλέα
857 1515 944 1594 μέχρι

139 1604 189 1659 τοῦ
202 1600 299 1679 πόρου·
321 1600 357 1664 ὦς
370 1601 399 1659 δὲ
412 1600 428 1660 ό
441 1603 493 1676 μὲν
508 1599 543 1675 ἦν
562 1605 590 1658 ἐν
608 1625 642 1678 τη
656 1599 749 1677 Ἀσίη,
763 1599 780 1660 ό
798 1599 829 1659 δέ
848 1600 944 1662 ὀπίσω

138 1689 322 1766 πορευόμενος
339 1687 409 1747 κατά
427 1687 479 1762 τήν
492 1687 648 1762 Παλλήνην
668 1689 780 1768 ἐγίνετο,
794 1687 844 1748 άτε
860 1695 944 1769 Map-

139 1775 230 1835 δονίου
263 1802 294 1836 τε
326 1777 530 1856 χειμερίζοντος
556 1776 620 1852 περὶ
646 1775 811 1851 Θεσσαλίην
836 1802 869 1835 τε
897 1780 944 1838 καὶ

138 1863 322 1939 Μακεδονίην,
337 1865 383 1922 καὶ
397 1863 476 1924 οὐδέν
493 1891 531 1922 κω
550 1862 759 1944 κατεπείγοντος
776 1863 854 1939 ἥκειν
867 1870 897 1929 ἐς
909 1867 943 1927 τό

139 1949 213 2009 άλλο
227 1950 425 2028 στρατόπεδον,
440 1951 489 2011 οὐκ
504 1952 631 2020 ἐδικαίου,
646 1951 767 2031 ἐντυχάν
780 1951 944 2014 άπεστεῶσι

139 2039 352 2120 Ποτιδαιήτῃσι,
367 2037 407 2116 μή
422 2038 472 2098 σῦκ
486 2040 779 2116 ἐξανδραποδίσασθαί
789 2046 892 2115 σφεας·
916 2047 944 2103 οἱ

137 2127 192 2207 γάρ
210 2130 402 2204 Ποτιδαιῆται,
418 2126 453 2191 ὦς
467 2127 607 2203 βασιλεῦς
623 2127 848 2204 παρεξεληλάκεε
865 2130 943 2192 καὶὸ

138 2216 264 2280 ναυτικὰς
280 2220 357 2277 τοῖσι
378 2217 510 2293 Πέρσησι
531 2215 644 2294 οἰχώκεε
665 2216 774 2296 φεύγων
795 2220 824 2274 ἐκ
848 2219 944 2282 Σαλα-

137 2306 224 2378 μῖνος,
249 2307 279 2360 ἐκ
305 2307 356 2362 τοῦ
381 2307 503 2379 φανεροῦ
529 2302 696 2363 οἷπέστοσαν
717 2303 773 2363 α’πό
793 2308 848 2364 τῶν
868 2306 944 2384 βαρ-

137 2388 243 2464 βάρων·
266 2388 301 2452 ιδς
314 2389 344 2447 δέ
358 2391 403 2446 καὶ
423 2387 511 2448 ὧλλοι
530 2394 556 2448 οἱ
571 2391 623 2466 τήν
644 2392 801 2467 Παλλήνην
820 2393 944 2471 ἔχοντες.

139 2477 256 2536 ἐνθαῦτα
270 2475 304 2551 δή
318 2475 334 2536 ὁ
347 2474 522 2553 Ἀρτάβαζος
539 2479 699 2555 ἐπολιόρκεε
712 2479 763 2556 τήν
777 2480 941 2558 Ποτιδαίην.

93 2563 351 2628 127Ὺποπτεύσας
374 2565 404 2624 δέ
430 2566 476 2624 καὶ
496 2565 560 2630 τοιλς
579 2565 743 2630 Ὀλυνθίους
763 2566 944 2629 ἀπίστασθαι

137 2650 192 2710 άπδ
220 2653 366 2727 βασιλέος,
395 2655 441 2713 καὶ
466 2654 570 2730 ταύτην
597 2654 767 2731 ἐπολιόρκεε·
805 2657 883 2734 εἶχον
911 2659 944 2719 δὲ·

138 2737 223 2814 αὐτήν
241 2745 383 2801 Βοττιαῖοι
404 2745 431 2802 οἱ
452 2747 482 2801 ἐκ
502 2747 551 2803 τοῦ
566 2742 706 2819 Θερμαίου
723 2742 831 2802 κόλπου
845 2745 941 2812 ἐξανα-

138 2827 254 2890 στάντες
266 2827 321 2889 ὖπό
336 2830 513 2891 Μακεδόνων·
534 2831 594 2889 ἐπεὶ
607 2831 638 2889 δέ
647 2837 740 2906 σφεας
754 2831 812 2890 εἶλε
825 2836 943 2909 πολιορ-

138 2917 212 2990 κέων,
229 2919 389 2995 κατέσφαξε
404 2919 546 3001 ἐξαγαγῶν
562 2924 590 2980 ἐς
608 2919 719 2994 λίμνην·
740 2919 792 2994 τήν
811 2919 841 2978 δέ
854 2918 944 2982 πόλιν

122 3007 280 3084 παραδιδοῖ
298 3008 497 3090 Κριτοβούλῳ
515 3006 667 3084 Τορωναίῳ
688 3007 887 3079 ἒπιτροτευειν,
901 3011 952 3064 καλ

105 3099 152 3172 Τῷ
160 3101 341 3163 Χαλκιδικῶ
359 3104 452 3189 γένεϊ·
478 3100 527 3161 καὶ
550 3094 626 3157 οὕτω
639 3090 790 3150 Ὄλυνθον
807 3088 973 3145 Χαλκιδέες

35 3173 106 3235 128
113 3183 225 3266 ἔσχον.
274 3166 416 3268 Ἐἑελῶν
430 3193 466 3256 δὲ
481 3189 599 3264 ταύτην
612 3183 629 3245 ὅ
640 3173 835 3254 Ἀρτάβαζος
847 3171 993 3268 Thym-

125 3271 136 3292 l
619 3266 811 3350 προσέχοντι
829 3251 867 3305 δε
887 3271 918 3302 0⁸·
936 3265 1003 3313 ’ΜΝ

71 3262 149 3350 ὃωθ
169 3281 397 3367 ἐντεταμένως
419 3285 595 3368 προσεῖχε·
