2024 3450
119 109 225 174 12-15]
470 110 582 157 αυκυα.
605 100 608 107 “
887 112 917 158 63

117 191 182 254 τοῦς
195 190 306 270 λόγους,
319 189 379 264 ἅμα
397 189 427 247 δὲ
445 189 626 263 κατεφαίνετό
640 195 696 265 σφι
709 188 778 248 εἶναι
796 188 917 250 άδόνατα

117 279 153 337 τά
163 277 304 359 βασιλέος
316 275 470 358 πρήγματα
482 275 704 353 ὖπερβαλέσθαι,
716 275 789 336 εὗιτε
803 277 917 337 ἐπιστά-

116 389 195 438 μενοι
216 362 259 433 οἷς,
277 368 301 423 εἰ
323 364 369 421 καὶ
386 363 419 423 τό
438 362 542 440 παρεόν
559 362 687 423 ναυτικόν
705 362 917 440 ὑπερβαλοίατο

46 500 51 507 .
116 450 165 510 τόν
192 455 319 528 Δαρεῖον,
345 450 420 510 ἄλλο
447 457 503 525 σφι
529 451 669 527 παρέσται
695 452 913 527 πενταπλήσιον,
960 485 964 490 ’

116 537 277 614 προφάσιος
293 536 330 597 ὧν
342 536 558 618 ε’πιλαβόμενοι,
573 539 635 596 ε’πεί
650 563 680 596 τε
698 537 822 615 τάχιστα
843 539 916 599 εἶδον

115 624 180 688 τούς
194 623 292 688 Ἴωνας
313 623 492 701 ἅρνευμένους
514 625 583 685 εἰναι
604 624 754 704 χρηστοιίς,
778 630 807 683 έν
828 624 917 701 κέρδεϊ

116 715 259 772 ἐποιεῦντο
279 715 462 787 περιποιῆσαι
478 711 514 771 τά
527 737 558 771 τε
572 712 616 789 ἱροὶ
629 712 665 771 τά
680 713 806 788 σφέτερα
820 713 865 770 καὶ
878 712 915 772 τά

117 798 181 856 ἴδια.
198 836 202 840 ›
224 798 240 857 ὁ
254 798 283 856 δὲ
296 798 409 874 Αἰάκης,
423 799 487 875 παρ’
501 799 563 859 ὅτευ
571 799 646 874 ,τούς
667 799 774 879 λόγους
790 799 915 860 ἐδέκοντο

117 887 144 942 οἰ
167 883 277 961 Σάμιοι,
289 888 372 947 παῖς
384 888 436 961 μὲν
459 885 493 961 ἦν
514 888 696 949 Συλοσῶντος
715 891 766 945 τοῦ
788 887 914 951 Αἰάκεος·

116 970 247 1047 τύραννος
260 971 290 1030 δὲ
303 971 353 1031 εὀἰν
368 971 472 1049 Σάμου,
485 971 540 1032 ὑπό
561 978 610 1032 τοῦ
624 976 770 1055 Μιλησίου
783 974 914 1051 Ἀριστα-

115 1057 203 1138 γόρεω
217 1057 391 1137 άπεστέρητο
403 1059 455 1137 τήν
467 1060 567 1139 ἀρχήν,
582 1060 704 1138 κατάπερ
718 1065 745 1121 οἱ
758 1061 844 1121 ἄλλοι
863 1067 914 1139 τῆς

115 1143 217 1221 Ἰωνίης
236 1146 373 1224 τύραννοι.
868 1163 869 1166 ’

155 1233 225 1294 Τότε
242 1227 279 1294 ὧν
296 1235 355 1293 ἐπεὶ
373 1234 518 1297 ε’πέπλωον
532 1237 558 1293 οἰ
571 1236 743 1314 Φοίνικες,λοὶ
756 1235 848 1300 Ἴωνες
867 1236 911 1296 α’ν-
922 1238 959 1295 14

114 1323 234 1402 τανΐγγον
253 1323 299 1380 καὶ
317 1321 396 1380 αὐτοὶ
416 1321 466 1384 τάς
484 1323 547 1383 νέας
567 1321 613 1378 ε’πὶ
633 1322 723 1398 κέρας.
765 1321 800 1382 ὦς
820 1322 850 1379 δὲ
868 1323 917 1379 καί

115 1406 204 1488 άγχοΰ
218 1410 341 1488 έγίνοντο
355 1408 401 1465 καὶ
415 1409 587 1486 συνέμισγον
600 1405 766 1480 οἷλλήλοισι,
777 1407 809 1466 τό
824 1408 912 1466 ε’νθεῦ·

113 1520 161 1552 τεν
174 1494 223 1552 οὖκ
236 1495 290 1572 ἔχω
304 1494 437 1567 ἀτρεκέως
450 1492 613 1571 συγγράψαι
634 1493 736 1572 οἵτινεςΙ
749 1495 803 1550 τῶν
815 1491 912 1553 Ἰάνων

115 1581 241 1659 ε’γένοντο
255 1578 350 1654 ἄνδρες
364 1579 443 1635 κακοὶ
456 1577 474 1652 ἢ
488 1576 590 1657 ἀγαθοὶ
604 1580 632 1635 έν
645 1580 680 1653 τῇ
693 1579 832 1655 ναυμαχίη
848 1578 911 1637 ταύ-

114 1691 158 1742 τη·
179 1664 323 1739 α’λλήλους
344 1664 399 1743 γάρ
423 1660 623 1723 καταιτιῶνται.
665 1663 795 1741 λέγονται
808 1665 844 1743 Ιδὲ
858 1665 911 1729 Σά·

113 1777 173 1828 μιοι
187 1753 312 1819 ἐνθαῦτα,
327 1750 397 1809 κατοὶ
413 1749 448 1809 τά
467 1751 634 1830 συγκείμενα
649 1749 719 1827 πρός
731 1749 781 1809 τόν
794 1751 908 1822 Αἰάκεα,

114 1837 271 1913 ἀειράμενοι
283 1838 318 1896 τά
332 1836 592 1897 ἱστίαάποπλῶσαι
605 1843 635 1896 ἐκ
648 1841 698 1913 τῆς
711 1836 804 1907 τάξιος
817 1844 845 1902 ές
858 1840 910 1916 τήν

113 1924 217 2000 Σάμον,
231 1924 307 2000 πλήν
326 1925 420 1984 ἕνδεκα
437 1928 513 1984 νεῶν·
533 1925 651 1985 τουτέων
663 1925 693 1983 δὲ
707 1929 734 1984 οἱ
747 1926 910 2007 τριήραρχοι

112 2013 266 2089 παρέμενον
287 2012 333 2071 καί
354 2011 533 2090 ἐναυμάχεον,
553 2010 812 2095 ἀνηκουστήσαντες
832 2019 909 2075 τοῖσι

112 2103 307 2180 στρατηγοῖσι·
330 2100 378 2158 καί
393 2106 449 2175 σφι
467 2098 501 2158 τά
520 2098 611 2158 κοινόν
632 2103 686 2158 τῶν
700 2100 811 2175 Σαμίων
828 2101 908 2160 ἔδωκε

90 2249 97 2263 ,
112 2186 157 2244 διά
168 2190 252 2246 τοῦτο
265 2187 297 2246 τό
311 2190 429 2266 πρῆγμα
443 2191 471 2245 έν
484 2184 579 2263 στήλη
593 2184 789 2265 ἀναγραφῆναι
803 2187 906 2269 πατρό-

112 2273 166 2346 θεν,
178 2273 213 2337 οἷς
222 2273 340 2350 άνδράσι
354 2273 486 2353 άγαθοῖσι
499 2273 683 2352 γενομένοισι·
706 2273 751 2330 καὶ
759 2274 826 2334 ,ἔστι
839 2273 908 2352 αὕτη

111 2359 129 2433 ἦ
143 2361 237 2435 στήλη
251 2365 280 2420 ε’ν
293 2364 329 2438 τῇ
343 2359 441 2441 άγορῇ.
473 2358 592 2434 ἰδόμενοι
606 2360 635 2418 δὲ
649 2360 695 2418 καὶ
708 2362 831 2436 Λέσβιοι
844 2363 908 2427 τούς

111 2447 269 2524 προσεχέας
282 2446 445 2526 φεύγοντας,
456 2445 542 2510 τώυτό
557 2441 665 2506 ἐποίευν
675 2450 752 2507 τοῖσι
762 2449 905 2523 Σαμίοισι·

112 2531 147 2594 ὣς
169 2531 198 2590 δὲ
219 2533 265 2590 καὶ
286 2535 312 2591 οἱ
334 2537 449 2596 πλεῦνες
468 2537 523 2592 τῶν
538 2531 636 2592 Ἰάνων
655 2535 764 2593 ε’ποίευν
781 2534 817 2593 τά
837 2535 907 2596 αὐτοὶ

110 2622 208 2677 ταῦτα.
236 2622 297 2678 Τῶν
310 2619 339 2678 δὲ
352 2619 576 2697 παραμεινάντων
591 2625 619 2678 έν
631 2622 667 2698 τῇ
681 2624 819 2699 ναυμαχίῃ
831 2648 906 2699 περι,-
918 2628 953 2683 15

112 2706 242 2782 ἔφθησαν
253 2707 412 2785 τρηχύτατα
422 2710 496 2775 Χῖοι,
511 2706 545 2768 ὥς
559 2706 785 2784 ἀποδεικνύμενοί
796 2736 825 2767 τε
839 2712 906 2791 ἔργα

110 2793 228 2870 λαμπρά
250 2793 295 2852 καί
319 2793 368 2853 οὐκ
392 2794 624 2856 ἐθελοκακέοντες.
666 2797 832 2873 παρείχοντο
855 2799 906 2871 μὲν

109 2879 172 2958 γάρ,
192 2879 285 2958 ὥσπερ
308 2881 353 2940 καὶ
374 2879 509 2957 πρότερον
533 2880 632 2957 εἰρέθη,
651 2881 713 2944 νέας
735 2882 840 2949 ἑκατόν,
860 2885 905 2942 καὶ

110 2966 153 3023 ἐπ’
163 2966 282 3045 ἑκάστης
295 2968 398 3029 αὐτέων
411 2968 511 3043 άνδρας
524 2968 730 3045 τεσσεράκοντα
743 2972 798 3027 τῶν
812 2967 905 3028 α’στῶν

109 3053 232 3132 λογάδας
250 3056 475 3132 ἐπιβατεύοντας.
518 3053 647 3132 ὁρέοντες
656 3055 693 3112 δε
703 3054 773 3114 τους
790 3053 926 3109 πολλαὶς
943 3098 947 3103 .

103 3143 160 3196 Τῶν
169 3142 336 3224 ,συμμάχων
353 3143 558 3225 προδιδόντας,
571 3143 628 3204 οὔκ
646 3140 788 3201 ἐδικαίευυ
807 3130 956 3211 ηενῖῦδᾋ

93 3228 173 3295 roim
185 3236 308 3306 Κᾳκθῖσι
323 3235 422 3310 αὐτῶν
437 3235 554 3313 ὁμοῖοι·
577 3230 668 3311 dm
683 3224 739 3321 μετ’
762 3219 877 3309 &W
899 3228 981 3289 ΨὛ·
