2024 3450
95 114 203 180 ιι-ιι]
308 112 314 121 ·
397 117 599 167 τυννικονιιι
867 121 898 168 19

94 194 183 252 Λαΐου
200 199 337 272 χρησμῶν
351 194 525 301 Ηρρκληίην
543 195 594 269 τήν
613 202 641 254 ἐν
658 197 774 276 Σικελίῃ
789 198 896 269 κτίζειν,

95 281 154 356 φιῖς
168 281 220 357 τήν
233 279 414 359 Ἔρυκος’
372 308 466 360 χωρην
482 287 579 341 πᾶσαν
598 283 667 342 εἶναι
679 283 896 360 Ηρακληῖδέων,

94 368 178 428 αὐτοῦ
191 370 346 447 Ηρακλέος
364 370 549 446 κτησαμένου.
592 398 607 429 ο
600 369 688 429 δὲ’
671 372 794 435 ακούσας
807 377 893 432 ταῦτα
949 412 952 418 -

93 461 121 518 ἐς
145 457 279 534 Δελφούς
300 459 393 536 οἴχετο
420 457 596 536 χρησόμενος
619 463 657 537 τῷ
677 460 846 539 χρηστηρίῳ,
872 466 895 521 εἷ

93 545 178 621 αἶρέει
194 545 235 605 ἐπ’
250 545 285 621 ἦν
302 548 454 605 στέλλεται
469 545 575 622 χώρην;
600 545 618 620 ἦ
640 546 669 604 δὲ
687 547 780 623 Πυθίη
797 551 823 606 οἱ
839 553 896 627 χρᾷ

94 633 230 709 αἱρήσειν·
252 633 428 710 παραλαβὼν
447 633 476 692 δὲ
492 633 507 692 6
524 634 647 710 Δωριεύς
663 634 712 694 τᾶν
727 634 834 695 στόλον
846 637 895 695 τὸν

93 720 139 777 καὶ
164 727 191 784 ἐς
214 721 326 798 Λιβύην
349 720 409 802 ἦγε,
433 722 573 799 ἐκομίζετο
594 721 670 798 παριῖ
691 722 743 796 τήν
763 721 893 797 Ἰταλίην.

93 807 149 866 Τὸν
162 808 264 886 χρόνον
278 809 307 867 δὲ
320 814 426 879 τοῦτον,
441 809 476 872 οἷς
490 810 608 889 λέγουσι
622 812 787 887 Συβαρῖται,
802 811 940 884 σφέας44

91 920 123 953 τε
137 895 236 958 αύτούς
256 898 301 956 καὶ
319 901 413 973 Τῆλυν
430 897 479 957 τὸν
498 901 603 958 ἑωυτῶν
618 898 745 974 βασιλέα
759 898 804 956 ε’ττὶ
819 898 893 976 Κρό-

90 1007 163 1041 τωνα
183 985 299 1059 μέλλειν
319 984 532 1062 στρατεύεσθαι·
562 984 627 1048 τούς
647 987 676 1044 δὲ
697 986 891 1063 Κροτωνιήτας

90 1070 232 1147 περιδεέας
243 1074 415 1152 γενομένους,
430 1073 561 1149 δεηθῆναι
574 1075 695 1151 Δωριέος
709 1075 891 1150 σφίσιτιμω-

88 1162 176 1235 ρῆσαι
194 1160 240 1218 καὶ
257 1164 351 1239 τυχεῖν
370 1160 525 1236 δεήθεντας.
547 1161 791 1239 συστρατεύεσθαί
806 1188 837 1222 τε
856 1163 890 1238 δή

90 1247 134 1304 ε’πῖ
144 1247 270 1325 Σύβαριν
278 1250 388 1325 Δωριέα
399 1250 444 1308 καὶ
455 1253 583 1309 συνελεῖν
592 1250 644 1325 τήν
655 1250 789 1327 Σύβαριν.
803 1255 891 1309 ταῦτα

19 1330 22 1336 ’
88 1335 140 1408 μέν
156 1361 205 1394 νυν
221 1338 378 1413 Συβαρῖται
395 1337 512 1417 λέγουσι
528 1342 647 1411 ποιῆσαι
666 1332 774 1413 Δωριέα
794 1364 824 1396 τε
844 1339 889 1396 καὶ
951 1404 953 1409 ,

88 1421 152 1485 τούς
163 1422 223 1499 μετ’
237 1424 331 1483 αὐτοῦ·
360 1429 552 1500 Κροτωνιῆται
565 1424 600 1482 δὲ·
609 1423 706 1484 οὐδένα
716 1425 803 1498 σφίσι
815 1426 889 1498 φασὶ
937 1432 938 1436 ’

89 1510 178 1577 ξεῖνον
196 1513 466 1587 προσεπιλαβέσθαι
481 1516 532 1571 τοῦ
548 1511 619 1587 πρδς
635 1513 794 1586 Συβαρίτας
804 1514 887 1570 πολέ-

88 1620 151 1670 μου,
172 1601 196 1654 εἰ
213 1595 253 1671 μή
272 1598 405 1671 Καλλίην
421 1601 476 1656 ταῖν
495 1596 637 1672 Ἰαμιδέων
656 1597 755 1673 μάντιν
774 1598 889 1658 Ἠλεῖον

88 1686 201 1758 μοῦνον,
217 1684 262 1741 καὶ
275 1687 375 1743 τοῦτον
390 1682 485 1762 τρόπῳ
500 1684 605 1762 τοιῷδε·
625 1684 703 1761 παρὰ
716 1684 825 1760 Τήλυος
838 1691 888 1745 τοῦ

90 1771 267 1849 Συβαριτέων
293 1771 427 1849 τυράννου
453 1769 612 1848 ἀποδράντα
636 1771 787 1833 ἀπικέσθαι
812 1776 889 1852 παριῖ

89 1859 189 1932 σφέας,
217 1860 279 1917 ε’πεί
303 1885 334 1918 τε
360 1861 386 1918 οἱ
413 1857 448 1918 τιῖ
474 1858 519 1936 ἱρὰ
543 1857 575 1917 ού
595 1859 752 1938 προεχώρεε
774 1863 887 1940 χρηστοὶ

88 1946 212 2025 θυομένῳ
226 1947 271 2006 ε’πῖ
286 1945 430 2024 Κρότωνα.
471 1951 560 2007 ταῦτα
573 1947 603 2005 δὲ·
616 1945 653 2007 ὦν
666 1945 743 2007 οὗτοι
759 1949 886 2030 λέγουσι’.

87 2033 235 2110 Μαρτύρια
255 2035 284 2093 δέ
304 2035 407 2094 τούτων
431 2034 554 2111 ἑκάτεροι
578 2034 789 2095 ἀποδεικνύουσι
811 2037 934 2098 τάδε·45

87 2123 243 2198 Συβαρῖται
260 2126 312 2199 μὲν
324 2124 438 2230 τέμενός
453 2149 484 2183 τε
503 2125 549 2182 καὶ
563 2123 637 2198 νηὸθ
648 2122 730 2183 ε’όντα
748 2125 824 2200 παρὰ
836 2124 886 2186 τδν

86 2210 169 2286 ξηρόν
184 2210 363 2286 Κροίστιν,
331 2237 381 2270 τον
395 2206 568 2288 ἱδρύσασθαι
575 2210 774 2270 συνελόντα
739 2236 791 2286 την
801 2212 886 2273 πόλιν

86 2298 194 2373 Δωριέα
203 2299 321 2378 λέγουσι
328 2297 485 2376 Ἀθηναίη’
473 2297 603 2400 επωνύμῳ
613 2298 753 2378 Κραστίη·
763 2326 847 2360 τουτο
855 2302 885 2362 δε
932 2309 934 2314 ’

85 2375 168 2436 αύτου
156 2378 348 2456 Δωριέος
316 2405 367 2439 τον
381 2379 499 2439 θάνατον
511 2379 662 2456 μαρτύριον
674 2380 812 2488 μέγιστον
824 2409 884 2442 τοι·

85 2470 184 2534 εῦνται,
198 2465 241 2526 ὅτι
254 2466 331 2544 παρὰ
344 2466 380 2526 τὰ
392 2468 601 2544 μεμαντευμένα
618 2467 718 2527 ποιέων
736 2469 881 2546 διεφθάρη·

25 2629 28 2635 Ι
84 2556 108 2610 εἰ
130 2552 185 2633 γὰρ
205 2554 239 2629 δή
259 2554 300 2632 μή
322 2555 481 2631 παρέπρηξε
503 2555 590 2631 μηδὲν
613 2554 655 2614 ἐπ’
677 2552 699 2633 ᾧ
723 2555 752 2615 δὲ
776 2557 884 2634 ε’στιίλη

83 2642 182 2711 ε’ποίεε,
198 2641 256 2700 εἷλε
274 2639 308 2700 ἂν
325 2641 378 2718 τήν
392 2641 536 2720 Ἐρυκίνην
556 2642 649 2721 χύρην
670 2644 716 2702 καὶ
734 2644 804 2704 έλών
820 2672 883 2704 κατ-

84 2727 160 2808 έσχε,
175 2728 232 2789 οὐδ’
247 2726 280 2790 οῖν
294 2728 376 2792 οὗτός
388 2757 419 2789 τε
433 2731 478 2789 καὶ
490 2730 509 2806 ἡ
522 2730 641 2808 στρατιή
657 2731 804 2809 διεφθάρη.
819 2736 845 2791 οἶ
859 2733 882 2791 δ’

82 2813 118 2874 αὖ
131 2821 322 2894 Κροτωνιῆται
335 2817 513 2878 ἀποδεικνῦσι
532 2819 648 2898 Καλλίῃ
665 2822 717 2894 μὲν
729 2823 768 2898 τῷ
780 2818 883 2899 Ἠλείῳ

27 2937 29 2940 ·
82 2903 209 3018 ἐξαίρετα
223 2911 252 2965 έν
248 2910 308 3018 Myfi
315 2911 351 2984 τῇ
367 2905 572 2983 Κροτωνιήτιδι
586 2906 685 2965 πολλὰ
698 2907 821 2977 δοθέντα,
836 2908 883 2986 (τὰ

82 2992 129 3050 καὶ
143 2997 170 3056 ἐς
183 2995 232 3069 ε’μὲ
245 2995 284 3052 ἔτι
295 2995 424 3070 ε’νέμοντο
435 3020 461 3052 οι
453 2994 605 3052 εΚαλλίεω
615 2993 772 3074 ἀπόγονοι)
782 2997 885 3071 Δωριέῖ

82 3077 167 3137 δὲ
123 3105 169 3139 και
178 3084 254 3140 τοῖσι
265 3079 413 3156 Δωριέος
396 3080 564 3162 απογόνοισι
574 3079 665 3141 ουδέυ
683 3082 779 3138 καῖτοι
790 3085 819 3134 ἐι
829 3103 913 3134 ουν-

82 3167 240 3243 επελαβετο
258 3194 292 3249 γε
315 3196 366 3229 του
392 3171 590 3248 Συβαριτικοῦ
616 3169 757 3242 πολέμου
785 3155 933 3259 ssmp'mssss»

69 3251 214 3327 δοθῆναι
191 3281 229 3317 αν
237 3283 263 3316 οι
256 3260 503 3320 “πολλαπλτίσια
514 3258 690 3338 ἢΚαλλῖῃ
714 3271 818 3309 ταυτ(ι
828 3262 882 3315 W
893 3251 952 3290 W
