2024 3450
102 102 243 168 τοο-ωε]
446 107 558 155 mm.
604 126 609 135 ·
855 106 901 152 ιοο

298 185 393 209 «εν

101 185 254 261 Ἀθηναίων
274 212 324 246 τον
345 212 449 262 εκαστη
468 187 561 247 ἐθέλοι
580 185 666 265 ἀνδρα
684 189 771 266 έωυτῇ
791 186 921 256 ἐκλέξα-’

101 275 170 332 σθαι
183 272 263 330 ἔδωκε
277 272 364 353 τούτῳ
378 279 416 352 τῷ
429 273 515 350 ἀνδρί.
552 275 610 333 Καὶ
624 278 650 334 οἱ
663 273 880 351 Ἀλκμαιωνίδαι
891 275 948 334 123

101 359 242 436 όμοίως,ἢ
259 361 337 421 οὐδὲν
357 360 452 437 ἦσσον
471 362 580 430 τούτου,
597 361 672 437 ἦσαν
692 361 900 438 μισοτύραννοι·

101 449 180 525 θῶμα
201 449 238 511 ὧν
258 476 316 527 μοι,
331 451 377 509 καὶ
398 449 430 509 ού
445 450 598 526 προσίεμαι
611 449 662 526 τὴν
676 449 825 524 διαβολὴν,
839 449 901 509 τού·

99 563 163 600 τους
187 565 221 620 γε
245 538 374 607 ἀναδέξαι
400 537 508 597 ἀσπίδα
532 538 630 600 οἵτινες
654 537 772 616 ἔφευγόν
796 561 827 596 τε
852 536 902 597 τόν

99 623 191 685 πάντα
211 626 314 706 χρόνον
335 625 399 689 τούς
422 625 578 702 τυράννους,
601 630 630 684 ἐκ
652 628 781 703 μηχανῆς
801 650 832 683 τε
852 627 902 698 τῆς

99 714 203 775 τούτων
224 716 351 785 ἐξέλιπον
372 718 399 773 οἱ
421 713 653 790 Πεισιστρατιδαι
675 712 726 788 την
744 711 899 788 τυραννίδα.

94 793 146 859 καὶ
167 801 237 861 οὕτω
255 801 305 863 τοὶς
316 800 437 876 Ἀθήνας
450 799 526 862 οὗτοι
539 801 613 877 ἦσαν
627 805 653 861 οἱ
667 798 902 877 ἐλευθερώσαντες

99 893 200 967 πολλῷ
213 893 326 966 μᾶλλον
339 887 409 967 ἤπερ
422 889 570 967 Ἀρμόδιός
582 916 612 950 τε
624 890 670 948 καὶ
679 887 900 968 Ἀριστογείτων,

100 974 136 1038 ἀς
150 976 203 1058 ἐγώ
217 977 308 1054 κρίνω·
329 982 356 1036 οἱ
372 977 493 1059 μὲνγὰρ
514 979 685 1059 ἐξηγρίωσαν
702 977 768 1041 τούς
785 976 900 1035 ὑπολοί-

99 1090 168 1128 πους
184 1067 437 1142 Πεισιστρατιδέων
447 1065 605 1144 Ἵππαρχον
620 1065 838 1134 ἀποκτείναντες,
855 1064 899 1124 ού-

99 1153 131 1211 δέ
148 1180 175 1214 τι
192 1159 306 1231 μᾶλλον
325 1156 450 1215 ἔπαυσαν
467 1155 533 1218 τούς
545 1153 662 1218 λοιπούς
675 1153 897 1232 τυραννεύοντας·

98 1239 315 1319 Ἀλκμαιωνίδαι
328 1243 357 1301 δέ
371 1244 513 1319 ἐμφανέως
527 1243 725 1319 ἐλευθέρωσαν,
737 1246 761 1300 εἰ
774 1241 807 1315 δὴ
823 1238 902 1299 οὗτοί

99 1353 131 1407 γε
152 1329 277 1405 ἀληθέως
290 1329 365 1404 ἦσαν
386 1333 412 1388 οἱ
432 1330 483 1406 την
497 1329 606 1403 Πυθίην
620 1328 819 1388 ἀναπείσαντες
833 1353 899 1401 προ-

100 1417 246 1490 σημαίνειν
259 1417 504 1491 Αακεδαιμονίοισι
523 1416 684 1490 ἐλευθεροῦν
702 1414 751 1476 τάς
771 1412 899 1487 Ἀθήνας,

102 1499 136 1562 ὥς
155 1527 204 1576 μοι
224 1501 360 1577 πρότερον
379 1503 539 1577 δεδήλωται.
581 1501 674 1559 Ἀλλοὶ
692 1500 747 1580 γάρ
766 1501 833 1562 ἴσως
852 1502 947 1559 nm

102 1587 325 1662 ἐπιμεμφόμενοι
343 1586 497 1663 Ἀθηναίων
510 1591 547 1664 τῷ
562 1586 638 1664 δήμῳ
652 1586 836 1662 προεδίδοσαν
849 1585 900 1661 τὴν

101 1674 229 1750 πατριδα.
265 1672 297 1732 ού
310 1676 361 1756 μὲν
375 1672 412 1733 ὧν
424 1672 499 1749 ἦσάν
512 1680 609 1748 σφεων
621 1671 708 1732 άλλοι
722 1671 901 1748 δοκιμώτεροι

102 1762 129 1820 ἐν
142 1788 175 1842 γε
187 1761 364 1838 Ἀθηναίοισι
377 1759 479 1838 ἄνδρες,
496 1759 551 1833 οὔδ’
566 1760 592 1819 οἳ
604 1764 718 1837 μᾶλλον
732 1761 899 1836 ἐτετιμέατο.

101 1849 171 1909 οὕτω
186 1851 248 1910 οὐδὲ
261 1850 346 1931 λόγος
360 1851 452 1927 αἱρέει,
463 1848 647 1928 ἀναδεχθῆναι
661 1849 690 1908 ἐκ
702 1875 736 1931 γε
749 1846 784 1908 ἂν
796 1847 900 1908 τούτων

101 1936 208 1997 ἀσπίδα
222 1938 267 1997 ἐπὶ
280 1938 394 2016 τοιούτῳ
407 1938 493 2018 λόγῳ.
521 1937 656 2016 ἀνεδέχθη
668 1940 720 2015 μέν
733 1936 789 2019 γάρ
803 1935 898 2000 ἀσπίς·

101 2027 147 2084 καὶ
167 2030 250 2086 τοῦτο
272 2023 321 2084 ούκ
344 2026 404 2084 ἐστι
427 2025 636 2089 άλλωςέἶπεῖν·
658 2027 766 2106 ἐγένετο
784 2024 848 2104 γάρ·
870 2023 900 2087 ὃς

100 2116 194 2191 μέντοι
207 2113 243 2191 ἦν
256 2113 272 2175 ό
286 2113 418 2184 ἀναδέξας
428 2111 478 2174 ου’κ
493 2115 547 2193 ἔχω
556 2114 724 2191 προσωτέρω
739 2115 825 2171 εἰπεῖν
837 2111 899 2171 τού-

99 2228 163 2263 των.

142 2294 179 2351 Οἱ
197 2292 227 2350 δέ
238 2291 455 2368 Ἀλκμαιωνίδαι
475 2288 549 2365 ἦσαν
569 2291 621 2367 μέν
640 2290 685 2348 καὶ
698 2288 734 2349 τά
747 2286 879 2348 ἀνέκαθεν
889 2290 946 2348 125

100 2379 226 2456 λαμπροὶ
240 2385 268 2438 ἐν
281 2382 349 2456 τῇσι
361 2377 508 2456 Ἀθήνῃσι·
528 2377 584 2437 ἀπό
598 2377 628 2436 δέ
640 2376 838 2455 Ἀλκμαίωνος,
853 2377 899 2435 καὶ

100 2465 176 2528 αὖτις
185 2467 359 2546 Μεγακλέος,
368 2467 495 2546 ἐγένοντο
510 2466 555 2524 καὶ
569 2465 656 2542 κάρτα
669 2465 805 2542 λαμπροί.
836 2469 897 2524 τοῦ·

100 2579 133 2610 το
149 2555 200 2628 μέν
218 2553 273 2633 γάρ
286 2553 445 2629 Ἀλκμαίων
466 2553 482 2612 ό
498 2554 664 2634 Μεγακλέος
681 2558 759 2613 τοῖσι
778 2557 808 2611 ἐκ
825 2554 898 2630 Σαρ-

100 2639 164 2699 δίων
179 2641 298 2699 Λυδοῖσι
316 2640 391 2716 παρά
413 2642 541 2717 Κροίσου
559 2640 783 2718 ἀπικνεομένοισι
801 2641 846 2699 ἐπὶ
864 2639 897 2700 τό

99 2728 272 2807 χρηστήριον
285 2728 318 2788 τό
332 2733 360 2788 ἐν
374 2733 518 2804 Δελφοῖσι
534 2727 722 2806 συμπρήκτωρ
742 2754 773 2788 τε
794 2728 899 2808 ἐγίνετο

101 2817 147 2874 καὶ
161 2816 361 2894 συνελάμβανε
373 2815 530 2894 προθύμως·
553 2817 602 2875 καί
612 2842 661 2893 μιν
674 2820 799 2892 Κροῖσος
813 2815 897 2875 πυθά·

100 2931 181 2980 μενος
197 2909 253 2966 τῶν
267 2906 365 2964 Λυδῶν
385 2908 439 2964 τῶν
461 2910 488 2967 ἐς
499 2904 536 2963 τά
556 2904 715 2982 χρηστήρια
731 2902 898 2977 φοιτεόντων

101 2994 200 3053 ἑωυτόν
219 2993 249 3053 εὖ
266 2995 377 3062 ποιέειν,
394 2992 602 3068 μεταπέμπεται
623 2996 650 3054 ἐς
671 2989 780 3064 Σάρδις·
802 2986 899 3044 ἀπικό-

96 3105 182 3155 μενον
197 3081 228 3140 δέ
249 3081 380 3160 δωρέεται
401 3085 502 3162 χρυσῷ
520 3078 571 3140 τδν
585 3078 621 3140 &v
632 3071 938 3159 δύνηαςςῖοιὶωυςοῖχ

91 3165 205 3242 σιόματι
222 3172 427 3243 ἐξενείκασθαι
448 3171 578 3240 ἐσάπαξ·
603 3163 692 3228 εδδ(
705 3154 865 3228 Ἀλκυὼν
884 3163 968 3241 *2⁹⁹³

81 3253 137 3329 Τθν
165 3257 279 3341 δωρεὴν
313 3267 428 3327 ἐοῦσαν
460 3261 608 3337 τοιαύτην
645 3247 754 3314 τοιάδε
783 3227 993 3299 'tfflspmffi
