2024 3450
108 109 214 173 ιι-ιο]
417 111 601 163 nomm.
868 115 914 163 129

107 187 157 262 τήν
173 187 243 264 ε’μὴν
260 186 363 262 σκευὴν
380 193 486 256 πᾶσαν,
500 189 547 246 καὶ
564 189 640 252 ἔνδῦς
657 190 730 267 μετά
744 195 827 251 τοῦτο
842 190 913 262 ἵζοιο

108 274 135 338 ές
159 276 209 335 τόν
231 275 297 351 ε’μδν
320 274 427 352 θρόνον,
450 277 496 333 καὶ
520 277 614 335 ἔπειτα
637 283 666 337 ἐν
691 280 769 358 κοίτη
796 283 832 357 τῇ
859 283 913 358 ε’μῇ

107 362 338 426 κατυπνώσειας.”
375 363 481 440 Ξέρξης
493 365 545 439 μὲν
563 365 651 423 ταῦτα’
665 369 692 423 οἱ
706 368 793 447 ἔλεγε·
814 367 913 444 Ἀρτά-
925 369 961 425 16

106 451 195 525 βανος
208 452 237 510 δὲ
251 451 335 530 οιλτῷ
348 449 447 528 πρώτῳ
462 454 489 509 οἱ
504 449 674 526 κελεύσματι
688 452 851 529 πειθόμενος
866 455 912 513 οἶα

108 538 157 596 οῦκ
184 539 343 615 ἀξιεύμενος
366 543 393 600 ἐς
413 538 463 598 τόν
486 536 645 614 βασιλήϊον
667 538 766 613 θρόνον
795 542 913 612 ἵζεσθαι,

107 627 188 688 τέλος
202 626 236 689 ώς
249 625 429 704 ἠναγκάζετο,
445 627 524 688 εἴπας
537 623 603 683 τάδε
618 627 707 683 ε’ποίεε
720 625 753 685 τῦ
768 626 913 703 κελευόμε-

108 739 163 771 νον
207 714 297 772 “ἵσον
314 715 410 782 έκεῖνο,
426 710 447 771 ὦ
464 714 599 789 βασιλεῦ,
618 713 683 789 παρ’
703 713 765 789 ε’μοὶ
784 714 914 790 κέκριται,

110 803 237 874 φρονέειν
255 825 285 859 τε
304 798 334 858 εὖ
354 799 455 878 καὶτῷ
474 801 586 882 λέγοντι
603 801 717 880 χρηστά
736 801 843 861 ἐθέλειν
856 804 914 861 πεί-

109 886 218 945 θεσθαι·
240 886 276 947 τᾶ
291 889 326 946 σὲ
340 887 385 946 καὶ
399 886 548 966 α’μφότερα
565 889 743 966 περιήκοντα,
761 888 913 967 ἀνθρώπων

108 978 199 1033 κακῶν
220 974 329 1051 ὁμιλίαι
353 975 532 1052 σφάλλουσι·
558 977 629 1039 κατά
650 1004 703 1054 περ
724 977 777 1054 τήν
803 977 914 1039 πάντων

106 1062 322 1140 χρησιμωτάτην
332 1063 505 1142 ἀνθρώποισι
516 1066 667 1128 θάλασσαν
680 1066 824 1144 πνεύματά
838 1075 914 1144 φασι

107 1148 213 1228 α’νέμων
234 1153 415 1229 ἐμπίπτοντα,
438 1153 470 1214 ού
490 1160 624 1233 περιορᾶν
645 1155 733 1231 φύσει
754 1160 790 1234 τῇ
813 1159 914 1232 ἑωυτῆς

105 1240 240 1316 χρῆσθαι.
281 1243 330 1317 ε’μὲ
355 1241 384 1300 δὲ
405 1240 565 1302 α’κούσαντα
588 1243 659 1320 πρός
683 1245 735 1302 σεῦ
763 1247 853 1304 κακῶς
881 1242 913 1301 οῦ

106 1331 228 1389 τοσοῦτο
256 1328 334 1389 ἔδακε
361 1329 448 1404 λύπη,
475 1328 554 1399 ὅσον,
581 1332 711 1410 γνωμέων
735 1329 784 1388 δύο
804 1355 913 1405 προκει-

105 1417 208 1491 μενέων
222 1416 454 1492 Πέρσησι,-τῆς
466 1418 518 1495 μὲν
531 1415 614 1492 ὕβριν
628 1416 801 1490 αὐξανούσης
813 1419 864 1490 τῆς
877 1416 908 1475 δὲ

107 1501 330 1576 καταπαυούσης,
345 1501 391 1559 καὶ
404 1500 546 1581 λεγούσης
559 1501 594 1563 ώς
613 1502 698 1562 κακόν
713 1503 754 1576 εἴη
769 1501 910 1563 διδάσκειν

38 1650 41 1655 ,
109 1588 161 1662 τὴν
175 1588 269 1665 ψυχὴν
281 1588 370 1646 πλέον
384 1612 411 1647 τι
425 1587 556 1661 δίζησθαι
574 1589 629 1647 αἰεὶ
646 1590 718 1666 ἔχειν
734 1592 784 1647 τοῦ
798 1590 914 1666 παρεόν·

107 1674 350 1744 τος-ποιουτέων
359 1674 560 1783 προκειμενέων
573 1676 710 1755 γνωμέων,
722 1674 765 1734 ὅτι
774 1676 826 1751 την
837 1683 913 1752 σφα-

107 1763 263 1839 λερωτέρην
280 1763 391 1839 σεωυτῷ
410 1785 440 1820 τε
454 1786 500 1819 και
490 1760 682 1840 Πέρσησι’
664 1764 783 1841 αναίρεο
805 1766 854 1823 νῦν
868 1763 913 1836 ὧν,

109 1850 203 1925 ἐπειδὴ
223 1848 394 1927 τέτραψαι’
381 1873 428 1907 ετι
417 1848 496 1924 τήν
517 1847 627 1926 α’μείνω,
649 1850 705 1930 φῄς
725 1877 769 1911 τοι
789 1852 911 1928 μετιέντι

107 1940 165 1998 τόν·
179 1938 221 1998 ἐτ’
240 1938 384 2014 Ἕλληνας
407 1936 515 1999 στόλον
538 1938 727 2014 ε’πιφοιτᾶν”
711 1966 817 2018 ονειρον
846 1942 912 2001 θεοῦ

106 2053 180 2091 τινος
200 2030 308 2105 πομπῇ,
323 2025 373 2085 οῦκ
394 2025 482 2087 εἰῦντά
501 2052 536 2086 σε
557 2026 706 2087 καταλύειν
726 2027 775 2087 τόν
794 2027 911 2087 στόλον·

107 2114 172 2173 ἀλλ’
187 2114 250 2175 οῦδὲ
268 2114 357 2176 τοῦτοί
376 2109 482 2185 ε’στι,ὦ
500 2117 560 2184 τοῦ,
575 2114 645 2174 θεῖα·
671 2113 784 2174 ε’νύπνια
801 2114 856 2194 γοὶρ
875 2114 912 2175 τᾶ

107 2209 134 2266 ές
147 2203 308 2281 ἀνθρώπους
325 2202 527 2279 πεπλανημένα
544 2201 660 2261 τοιαῦτά
673 2207 735 2262 ἔστι
750 2202 795 2261 οἶά
809 2228 845 2262 σε
858 2203 913 2284 ἐγώ

107 2292 214 2362 διδάξω,
235 2294 311 2353 ἔτεσι
336 2295 388 2351 σεῦ
408 2294 547 2351 πολλοῖσι
567 2290 761 2369 πρεσβύτερος
781 2289 842 2351 ε’ών·
863 2318 911 2350 πε-

107 2383 271 2457 πλανῆσθαι
285 2378 366 2441 αὗται
379 2379 509 2458 μάλιστα
523 2379 628 2439 ε’ώθασι
641 2382 671 2439 αἶ
684 2378 762 2458 ὄψιες
774 2383 830 2440 τᾶν
843 2379 911 2441 ὄνει·

106 2468 204 2543 μάτων,
223 2468 258 2528 τά
279 2495 320 2531 τις
340 2468 452 2576 ημέρης
464 2467 658 2550 φροντίζειἈ
639 2471 719 2546 ημεῖς
740 2467 823 2527 δὲ
789 2494 839 2531 τας
857 2469 913 2546 πρῦ

754 2555 860 2577 XX!

106 2559 157 2614 τοῦ
175 2554 280 2631 ημέρας
297 2555 400 2631 ταύτην
417 2580 470 2630 την
490 2556 704 2632 στρατηλασίην
718 2581 764 2614 και
777 2583 810 2616 το
825 2582 913 2634 καρτα

108 2643 219 2721 εἴχομεν
228 2641 300 2719 μετά
309 2646 415 2721 χεῖρας
437 2669 460 2702 ει
453 2641 530 2702 ’δὲ”
512 2669 566 2720 αρα
579 2669 619 2720 μη
635 2645 695 2704 ἔστι
708 2648 792 2704 τοῦτο
801 2649 912 2705 τοιοῦτο

107 2731 167 2790 οἷον
180 2729 235 2812 ε’γιῦ
247 2730 363 2808 διαιρέω,
379 2729 456 2789 άλλά
469 2755 497 2791 τι
509 2734 560 2790 τοῦ
580 2732 644 2791 θεοῦ
662 2733 791 2811 μετέχον,
805 2733 841 2791 σῦ
855 2737 912 2794 πᾶν

108 2818 190 2883 αὐτᾶς
207 2819 365 2895 συλλαβών
384 2818 502 2896 εἴρηκας·
525 2818 640 2894 φανήτω
659 2819 713 2900 γὰρ
732 2821 765 2895 δη
785 2821 831 2879 καὶ
850 2822 913 2896 ἐμοὶ

108 2906 143 2970 ὦς
156 2907 203 2969 καὶ
215 2934 265 2968 σοι
254 2906 515 2983 διακελευόμενον.
537 2911 659 2983 φανηναι
670 2907 699 2966 δὲ
710 2906 788 2966 οὐδὲν
800 2908 913 2979 μᾶλλόν

107 3020 158 3071 μοι
176 2994 323 3073 odedi(
309 3008 417 3079 (χὸντι
422 3020 476 3075 την
497 2993 556 3074 σῆν
577 2992 727 3072 ἶσδῆτυ.
711 3020 768 3066 ἰγ
755 2991 789 3046 οἱ)
811 2989 865 3041 x&
884 2987 940 3050 ἐἴη

102 3081 184 3159 ε’μην·
206 3083 277 3163 αύδέ
291 3113 324 3151 τι
323 3089 495 3168 μᾶλλον
485 3113 515 3150 εν
537 3111 624 3164 κοιτη
636 3110 679 3162 τη
693 3082 739 3183 ῦῗλ
752 3074 979 3130 mmmm}

94 3167 166 3243 ἧοῦ
186 3176 239 3239 καὶ
260 3182 360 3243 ἕνα
320 3206 361 3263 m
390 3183 462 3264 ἐμῇ
497 3179 586 3253 εἴπερ
613 3197 674 3279 ,Ἐξ
686 3189 741 3226 ΚΜ
767 3157 881 3212 ’ὰλκλκως
896 3135 1011 3192 &Qu

85 3263 298 3343 (bamma-013
321 3272 388 3357 γὰρ
414 3271 453 3351 δὴ
481 3274 513 3334 ἒς
535 3257 683 3328 »moino
698 3267 792 3332 qm>

769 3230 860 3309 ἰιὲνθ
840 3245 912 3294 ιτ·
923 3207 1010 3272 *W*
