2024 3450
120 107 150 155 ιο
423 106 607 155 «κνοιοοοο
868 109 913 174 [V.

117 184 218 262 ὅμιλός
231 209 263 245 τε
278 185 389 248 πολλός
405 187 457 261 μὲν
465 184 576 260 Ἕλλην
592 188 737 263 περιοικέει
753 189 864 252 πολλός
884 190 914 249 δὲ

115 271 275 351 βάρβαρος,
296 272 323 332 οἳ
342 272 506 350 προστάτεω
527 273 737 351 ἐπιλαβόμενοι,
758 277 913 353 ποιήσουσι

91 386 93 391 ’
116 365 200 422 τοῦτο
217 361 250 421 τό
265 359 299 420 ἂν
313 365 401 424 κεῖνος
414 361 559 442 ἐξηγέομαι
573 362 618 419 καὶ
630 362 736 439 ήμέρης
749 366 795 423 καὶ
808 367 914 430 νυκτός

116 448 154 509 σύ
167 476 215 510 νυν
227 453 326 517 τοῦτον
339 448 389 509 τᾶν
398 448 485 526 ἄνδρα
494 453 604 510 παῦσον
616 455 704 510 ταῦτα
716 456 856 523 ποιεῦντα,
872 456 915 515 ἵνα

114 536 155 614 μή
173 538 266 617 οἰκηίῳ
284 539 399 617 πολέμῳ
420 537 564 616 συνέχηαι·
586 537 682 617 τρόπῳ
697 538 726 598 δέ
743 537 817 619 ήπίῳ
832 567 913 616 μετα-

114 625 295 704 πεμψάμενος
325 630 446 686 παῦσον·
475 624 559 686 ἐπεάν
583 626 613 685 δὲ
632 624 717 686 αὖτδν
747 628 914 708 περιλάβῃς,

114 716 218 774 ποιέειν
239 714 308 777 ὅκως
327 714 427 790 μηκέτι
448 717 536 777 κεῖνος
553 718 581 776 ἐς
596 713 741 790 Ἕλληνας
761 713 913 784 άπίξεται.”

67 803 106 860 24
115 806 208 861 Ταῦτα
222 802 312 882 λέγων
325 801 341 860 6
355 799 528 881 Μεγάβαζος
538 799 670 865 εὐπετέως
683 802 775 863 ἐπειθε
785 807 914 881 Δαρεῖον,

115 888 150 951 63
174 888 203 948 εὖ
229 890 370 966 προορέων
395 887 429 948 τό
454 889 563 965 μέλλον
589 888 726 969 γίνεσθαι.
775 891 847 968 μετὰ
874 891 912 962 δὲ,

115 975 237 1056 ἄγγελον
255 977 368 1055 πέμψας
384 975 400 1035 6
418 981 537 1053 Δαρεῖος
554 981 581 1040 ἐς
600 977 652 1053 τήν
671 976 815 1053 Μύρκινον
835 980 914 1059 ἔλεγε

113 1063 188 1122 τάδε·
213 1075 230 1099 “
238 1064 360 1136 Ἱστιαῖε,
381 1064 519 1140 βασιλεῦς
538 1069 657 1142 Δαρεῖος
669 1064 734 1125 τάδε
748 1067 835 1147 λέγει·
860 1069 914 1147 ἐγώ

114 1152 268 1228 φροντίζων
276 1151 394 1229 εὑρίσκω
405 1154 469 1227 ἐμοί
476 1179 507 1212 τε
518 1154 564 1211 καὶ
573 1158 649 1213 τοῖσι
660 1157 755 1230 ἐμοῖσι
764 1153 914 1236 πρήγμασι
962 1150 971 1163 ⁰

113 1238 211 1300 οὐδένα
231 1240 300 1300 εἶναι
320 1243 371 1299 σεῦ
391 1238 477 1317 ἄνδρα
497 1239 684 1318 εὐνοέστερον·
714 1245 798 1302 τοῦτο
825 1244 854 1301 δὲ
881 1243 913 1302 ov’

112 1326 235 1408 λόγοισι,
250 1326 315 1387 ἀλλ’
329 1329 437 1408 ἔργοισι
456 1328 518 1387 οἶδα
530 1329 636 1404 μαθών.
678 1333 726 1390 νῦν
740 1328 785 1400 ὧν,
800 1331 913 1390 ἐπινοέω

111 1415 167 1496 γάρ
179 1417 331 1497 πρήγματα
343 1416 456 1498 μεγάλα
476 1416 713 1496 κατεργάσασθαι,
733 1416 846 1478 άπικνέο
864 1444 913 1496 μοι

111 1503 229 1575 πάντως,
251 1505 295 1565 ἵνα
314 1503 447 1565 τοιοῦτοὶ
468 1503 670 1581 ὖπερθέωμαι·”
693 1504 822 1566 τούτοισι
836 1510 913 1566 τοῖσι

112 1592 192 1654 ἐπεσι
211 1593 365 1657 πιστεύσας
385 1593 401 1654 6
421 1592 563 1663 Ἱστιαῖος,
582 1593 629 1653 καὶ
649 1591 708 1670 ἅμα
727 1595 802 1675 μέγα
822 1593 912 1654 ποιεύ-

111 1705 193 1756 μενος
205 1683 344 1758 βασιλέος
357 1682 525 1758 σύμβουλος
539 1681 679 1761 γενέσθαι,
694 1679 809 1738 οἷπίκετο
823 1685 851 1742 ἐς
864 1680 914 1743 τοὶς

111 1768 221 1844 Σάρδις·
242 1767 400 1846 ἀπικομένῳ
419 1768 450 1826 δέ
468 1770 495 1825 οἱ
509 1768 588 1848 ἐλεγε
602 1768 721 1841 Δαρεῖος
733 1763 809 1822 τάδε·
830 1764 912 1823 “Ἱσ-

109 1857 190 1959 τιρῖε,
207 1853 261 1934 ἐγώ
278 1879 312 1912 σε
327 1851 549 1928 μετεπεμψάμην
569 1852 653 1911 τοῖνδε
671 1849 780 1909 εἵνεκεν·
805 1851 867 1911 ἐπεί
881 1877 912 1912 τε

111 1938 235 2018 τάχιστα
253 1938 401 2083 ἐνόστησα
413 1937 470 1996 α’πο
462 1937 615 1999 Σκυθέων
632 1935 678 1993 καὶ
697 1935 734 1994 σό
753 1962 803 2011 μοι
820 1939 912 2018 ἐγένεο

113 2028 144 2099 ἐξ
156 2025 384 2104 ὀφθαλμῶν,οόδ
337 2027 415 2086 ουέν
429 2050 467 2083 κω
481 2021 556 2082 ἄλλο
552 2027 666 2135 χρῆμα
681 2049 751 2083 ουτω
765 2028 794 2091 ἐν
806 2026 914 2135 βραχέῖ

110 2113 302 2191 ἐπεζήτησα
282 2141 317 2176 ως
331 2139 365 2171 σε
354 2112 459 2172 ἰδέειν
472 2136 502 2170 τε
517 2111 562 2168 καὶ
576 2116 604 2174 ἐς
617 2104 728 2224 λόγους
732 2137 782 2187 μοι
796 2109 912 2172 α’πικέσ·

111 2203 201 2262 θαι·’
189 2200 311 2282 εγνωκώς
323 2200 366 2259 ὅτι
381 2198 527 2275 κτημάτων
544 2197 654 2258 πάντων
668 2199 731 2260 ἐστὶ
746 2198 912 2276 τιμιώτατον

109 2288 180 2364 οἷνήρ
201 2290 287 2364 φίλος
308 2287 422 2350 συνετός
439 2312 471 2347 τε
490 2286 536 2345 καὶ
553 2284 655 2350 εὔνοος·
678 2286 714 2346 τά
729 2313 773 2347 τοι
791 2287 845 2368 ἐγω
866 2292 912 2350 καὶ

108 2375 255 2454 ἀμφότερα
273 2374 435 2439 συνειδως”
421 2402 475 2455 εχω
492 2374 655 2452 μαρτυρέειν
669 2378 696 2437 ἐς
710 2374 862 2455 πρήγματα
874 2377 910 2435 τά

109 2463 172 2541 ἐμά.
214 2468 262 2525 νῦν
275 2463 320 2534 ὦν,
335 2462 364 2523 εὖ
378 2463 433 2546 γάρ
447 2464 584 2539 ἐποιησας
597 2461 773 2539 ἀπικόμενος,
786 2462 853 2521 τάδε
866 2489 911 2523 τοι

109 2551 164 2632 ἐγω
171 2553 359 2630 προτείνομαι·
376 2552 553 2628 Μίλητον
520 2577 571 2627 μεν
585 2551 616 2609 έα
629 2550 676 2609 καὶ
688 2549 740 2627 τήν
750 2549 911 2612 νεόκτιστον

109 2645 139 2700 ἐν
151 2641 257 2719 Θρηίκη
270 2642 365 2701 πόλιν·
385 2641 423 2701 σύ
437 2639 460 2700 δ’
474 2639 536 2717 ἐμοὶ
555 2638 688 2716 ἑπόμενος
701 2643 729 2702 ἐς
742 2640 849 2708 Σοῦσα,
864 2640 911 2717 ἔχε

110 2727 198 2805 τάπερ
219 2725 253 2787 ἐν
269 2726 323 2808 ἐγω
341 2731 403 2808 ἔχω,
418 2727 484 2806 ἐμός
501 2753 532 2788 τε
549 2726 688 2791 σύσσιτος
707 2725 758 2787 ἐῶν
774 2725 821 2785 καὶ
839 2725 910 2803 σόμ·

61 2815 99 2873 25
110 2812 244 2891 βουλος.”
285 2819 379 2875 Ταῦτα
402 2818 521 2893 Δαρεῖος
541 2815 628 2885 εἴπας,
655 2815 702 2873 καὶ
729 2813 910 2889 καταστήσας

107 2900 298 2980 Ἀρταφέρνεα
316 2900 456 2979 ἀδελφεόν
475 2905 576 2963 ἐωυτοΰ
595 2901 769 2980 ὁμοπάτριον
782 2901 910 2979 ὕπαρχον

108 2991 177 3057 εἶναι
199 2989 332 3065 Σαρδίων,
353 2989 497 3065 ἀπήλαυνε
518 2995 546 3053 ἐς
567 2992 672 3060 Σοῦσα,
693 2989 753 3068 ἅμα
773 2988 910 3069 ἀγόμενος

61 3094 92 3123 ¹*
106 3078 241 3138 Ιστιαῖον
254 3077 373 3138 Ὀτάνεα
392 3077 456 3136 δὲ’
439 3104 495 3137 απο
497 3078 575 3146 δέξας
594 3072 800 3188 στρατηγόν
773 3103 842 3136 ειναι
854 3080 910 3136 τῶν

87 3167 347 3235 παραθαλασσιων
365 3167 485 3246 ἀνδρῶν
507 3170 558 3227 τοῦ
577 3165 626 3227 τὸν
643 3167 752 3242 πατέρα
764 3164 910 3240 Σισάμνην

58 3244 228 3314 βασιλευς
246 3255 428 3333 Καμβύσης
445 3254 607 3334 γενόμενον
623 3259 680 3314 τῶν
703 3250 876 3329 βασιληιωνι
888 3247 928 3302 δι·
