2024 3450
137 122 184 169 ητα
384 126 390 138 ·
443 114 626 162 ἰιΡΟΔΟΤΟΥ
841 108 937 169 [VIII.

135 200 245 271 ἔφασαν
259 195 357 250 δίκαιοι
374 193 443 251 εἶναι
461 190 665 267 α’πολαβόντες,
678 190 750 252 οὕτω
763 189 874 260 ἐξιέναι·
896 194 939 250 ἐν·

136 285 224 342 θαῦτα
240 281 256 339 ὁ
274 279 413 354 βασιλεύς
424 272 476 339 τοῦ
490 280 595 355 μισθοῖ
607 279 673 355 πέρι
686 277 817 350 ἀκούσας,
833 277 871 354 ἦν
883 276 941 359 γὰρ

136 368 206 428 κατοὶ
222 367 274 443 την
293 367 466 443 καπνοδόκην
484 372 510 430 ἐς
527 365 577 426 τόν
596 365 674 425 οἶκον
690 367 797 444 ἐσέχων
814 365 832 426 ό
848 364 940 442 ἥλως,

135 456 195 522 εἶπε
216 455 382 531 θεοβλαβὴς
404 453 561 536 γενόμενος·
589 464 607 488 “
614 451 720 529 μισθόν
741 453 772 512 δέ
790 451 859 529 ύμῖν
886 453 941 535 ἐγῶ

135 542 224 620 ύμέων
242 541 320 612 ἄξιον
335 542 413 603 τόνδε
427 540 607 618 όποδίδωμι·”
621 540 713 610 δείξας
725 539 776 601 τόν
788 539 880 616 ἥλων.
922 539 938 602 ό

137 634 189 708 μὲν
208 631 241 707 δη
261 630 385 706 Γαυόνης
397 657 428 690 τε
443 630 488 687 καὶ
501 628 517 689 ό
532 628 675 705 Ἀέροπος,
691 631 719 688 οἱ
736 628 940 707 πρεσβύτεροι,

137 720 262 779 ἐστασαν
284 717 514 798 ἐκπεπληγμένοι,
538 716 574 780 ὥς
594 715 720 793 ἥκουσαν
739 719 839 776 ταῦτα·
869 716 886 777 ό
910 717 942 777 δὲ

135 813 208 877 παῖς,
228 805 360 886 ἐτύγχανε
372 801 427 887 γ’όρ
440 808 510 883 ἔχων
522 804 671 884 μάχαιραν,
684 803 764 867 εἶπας
775 803 852 864 τάδε’
875 804 941 865 “δε-

137 893 288 971 κόμεθα,ὦ
308 893 491 970 βασιλεῦ,τᾶ
511 890 625 955 διδοῖς·”
646 890 817 974 περιγράφει
833 894 872 971 τῇ
886 919 939 970 μα-

136 983 220 1060 χαίρῃ
234 986 261 1044 ἐς
274 981 307 1041 τό
321 981 422 1056 ἔδαφος
435 984 485 1042 τοῦ
499 980 575 1040 οἴκου
588 979 637 1040 τόν
649 978 742 1056 ἥλιον·
762 979 942 1061 περιγράψας

135 1070 171 1142 δὲ,
189 1074 216 1131 ἐς
228 1068 277 1127 τόν
290 1067 397 1127 κόλπον
414 1068 473 1144 τρὶς
491 1067 665 1147 αἷρυσόμενος
677 1067 832 1144 τοΰνὴλίοο,
847 1068 940 1128 ἀπαλ-

90 1150 147 1216 138
157 1155 285 1214 λόσσετο
298 1153 381 1218 αύπός
396 1180 427 1214 τε
443 1156 490 1213 καὶ
507 1159 535 1214 οἶ
551 1154 612 1232 μετ’
626 1156 748 1215 ἐκείνου.·
783 1159 821 1215 Οἱ
836 1156 941 1233 μένδῆ

136 1242 270 1319 ἀπήῐσαν·
291 1245 329 1322 τῷ
343 1243 372 1302 δὲ
384 1242 506 1317 βασιλέϊ
518 1243 649 1319 σημαίνει
665 1267 707 1306 τις
724 1245 781 1302 τῶν
794 1244 941 1321 παρέδρων

137 1332 195 1392 οἶόν
207 1358 234 1391 τι
247 1334 344 1410 χρῆμα
354 1329 481 1405 ποιήσειε
493 1329 510 1390 ό
524 1334 597 1402 παῖς,
612 1330 658 1389 καὶ
669 1329 704 1394 ὦς
714 1328 768 1390 σύν
778 1329 832 1409 νόῳ
843 1332 941 1392 κείνων

136 1419 152 1478 ὁ
167 1420 299 1482 νεώτατος
312 1418 401 1495 λόβοι
417 1419 453 1480 τοὶ
473 1417 610 1496 διδόμενα·
632 1417 648 1478 ό
661 1418 792 1478 δὲταῦτα
805 1417 939 1491 ἀκούσας,

137 1509 182 1566 καὶ
201 1507 330 1577 ὀξυνθεὶς,
344 1509 447 1584 πέμπει
464 1505 506 1565 ἐπ’
520 1505 620 1569 αύτούς
639 1507 739 1570 ἱππέας
754 1505 938 1571 ἀπολέοντας.
999 1580 1001 1584 y

136 1595 262 1672 ποταμός
282 1596 313 1654 δέ
333 1600 393 1655 ἐστι
414 1601 443 1654 ἐν
463 1599 498 1672 τῇ
518 1593 595 1673 χώρη
615 1593 711 1672 ταύτῃ,
731 1598 769 1673 τῷ
790 1593 893 1654 θύουσι
913 1597 940 1655 οἳ

137 1683 242 1743 τούτων
259 1687 314 1743 τῶν
330 1682 435 1759 ἀνδρῶν
453 1681 500 1741 ἀπ’
513 1683 632 1762 Ἀργεος
650 1681 789 1762 όπόγονοι
802 1681 939 1760 σωτήρια·

137 1768 225 1839 οὗτος,
245 1771 307 1828 ἐπεί
323 1795 355 1829 τε
375 1770 513 1846 διέβησαν
534 1773 561 1828 οἱ
581 1768 738 1846 Τημενίδαι,
757 1769 846 1849 μέγας
868 1770 940 1830 οὕτω

137 1856 219 1932 ἐρρύη
233 1854 305 1915 ὥστε
318 1857 383 1920 τούς
398 1858 497 1920 ἱππέας
506 1856 547 1933 μή
562 1858 637 1920 οἴους
648 1883 679 1916 τε
693 1855 827 1937 γενέσθαι
836 1854 938 1934 διαβῆ-

135 1968 189 2003 ναι.
218 1946 245 2002 οἱ
258 1944 295 2013 δὲ,
310 1942 472 2021 οἷπικόμενοι
483 1949 510 2006 ἐς
523 1943 616 2021 ἅλλην
626 1949 681 2025 γῆν
690 1948 739 2020 τῆς
753 1945 939 2022 Μακεδονίης,

136 2033 253 2108 οἴκησαν
263 2033 352 2096 πέλας
361 2036 415 2094 τῶν
426 2032 520 2108 κήπων
527 2037 582 2096 τῶν
592 2033 749 2114 λεγομένων
760 2031 831 2091 εἶναι
841 2034 939 2094 Μίδεω

135 2125 185 2180 τοῦ
207 2122 334 2199 Γορδίεω·
365 2126 394 2181 ἐν
417 2124 493 2180 τοῖσι
515 2120 615 2196 φύεται
639 2119 784 2195 αὐτόματα
804 2119 884 2197 ῥόδα,
911 2122 940 2182 ἐν
995 2135 999 2145 ’

137 2209 255 2269 ἕκαστον
270 2211 334 2288 ἔχον
347 2208 479 2283 ἐξήκοντα
493 2208 599 2284 φύλλα,
614 2207 687 2286 ὀδμῇ
700 2233 731 2266 τε
744 2206 940 2283 ὑπερφέροντα

135 2299 190 2353 τῶν
200 2294 303 2354 ἄλλων.
332 2300 360 2353 ἐν
370 2295 495 2354 τούτοισι
506 2296 552 2353 καὶ
566 2295 581 2354 ὁ
596 2294 717 2371 Σιληνός
729 2297 806 2353 τοῖσι
821 2293 941 2370 κη’ποισι

135 2380 203 2454 ἥλω,
219 2380 254 2442 ως
266 2381 379 2460 λέγεται
392 2381 446 2439 ὑπό
458 2381 635 2442 Μακεδόνων·
649 2381 718 2458 ύπέρ
732 2382 762 2441 δέ
775 2384 830 2442 τῶν
844 2381 941 2458 κήπων

137 2465 217 2542 οὖρος
231 2468 328 2539 κέεται,
344 2469 465 2544 Βέρμιον
479 2468 590 2545 οὔνομα,
603 2469 712 2545 ἄβατον
724 2468 780 2529 ὑπό
791 2473 940 2549 χειμῶνος.

137 2555 261 2614 ἐνθεῦτεν
274 2555 304 2613 δὲ
317 2555 494 2632 όρμεώμενοι,
510 2555 545 2618 ὦς
562 2557 666 2632 ταύτην
680 2558 775 2634 ἔσχον,
790 2558 941 2634 κατεστρέ·

89 2643 145 2700 139
157 2647 245 2716 φοντο
259 2644 305 2701 καὶ
318 2642 369 2718 τὴν
382 2642 474 2718 ἄλλην
491 2644 677 2720 Μακεδονίην.
706 2643 780 2703 Ἀπδ
793 2641 941 2721 τούτουδὴ

126 2731 185 2803 ιτοῦ
199 2729 356 2806 Περδίκκεω
369 2730 555 2806 Ἀλέξανδρος
570 2729 621 2789 ὦδε
635 2730 767 2811 ἐγεγόνεε.
790 2729 942 2810 ,Ἀμύντεω

137 2819 203 2880 παῖς
223 2816 258 2892 ἦν
278 2817 469 2894 Ἀλέξανδρος·
496 2817 633 2895 Ἀμύντης
651 2819 680 2878 δὲ
695 2818 843 2878 Ἀλκέτεω·
870 2816 940 2878 Ἀλ·

136 2907 218 2967 κέτεω
245 2906 274 2965 δέ
296 2905 389 2983 πατὴρ
410 2905 445 2981 ἦν
471 2906 615 2983 Ἀέροπος·
649 2910 700 2966 τοῦ
727 2907 764 2984 δὲΙ
783 2906 940 2971 Φίλιππος·

129 2996 276 3059 Φιλίππου
293 2995 324 3060 δὲ
341 2993 484 3081 Ἀργαῖος·
505 2998 555 3055 τοδ
574 2994 608 3053 δε
620 2994 782 3070 Μερδίκκης
798 2992 815 3049 ό
833 2995 940 3096 'med-

107 3115 204 3168 μενος
218 3090 273 3172 τήν
288 3089 397 3177 ἀρχήν.
441 3084 578 3174 ἐγεγόνεε
593 3083 644 3159 μὶν
656 3080 693 3152 δὴ
709 3075 777 3133 διδ(
786 3073 966 3142 ΒΜΈΜΜἋ

99 3179 126 3239 0‘
138 3181 306 3264 Ἀμύντεω.
720 3246 730 3263 ,

25 3260 99 3326 14⁰
156 3274 214 3345 Ὡς
226 3280 264 3344 δέ
279 3281 418 3347 α’πίκετο
435 3281 469 3344 ἐς
485 3271 544 3336 τὰς
555 3256 698 3335 Ἀθήνας
715 3260 817 3305 ‘mm

16 3322 27 3403 ί.

818 3231 929 3307 μῲδὲις
945 3225 1006 3282 {mh
