2024 3450
129 105 176 152 τις
443 103 625 152 Ἤτοκοτοτ
864 104 930 168 [IX.

127 182 180 258 τὴν
197 179 328 255 Ἀττικήν
349 180 402 240 σύν
424 185 548 256 στρατοῦ
570 181 682 256 πλήθεΐ,
704 181 751 242 καὶ
771 180 932 244 ἀνίστασαν

126 269 191 349 τούς
211 267 322 344 δήμους,
337 267 387 327 οὐκ
409 267 512 332 εἰδότες
533 270 577 328 ἵνα
597 268 756 339 ύπεξέκειτο
776 270 795 346 ἧ
818 270 931 348 Ἑλένη,

126 356 190 417 τότε
212 356 331 436 λέγουσι
351 356 415 419 τούς
437 356 584 426 Δεκελέας,
603 360 629 414 οἱ
667 360 680 415 ὲ
701 356 785 417 αι’ντδν
806 359 933 419 Δέκελον

126 443 283 523 ἀχθόμενόν
301 469 332 504 τε
348 447 383 523 τῇ
401 444 511 519 Θησέος
524 443 599 520 ὕβρι,
617 445 663 502 καὶ
676 444 853 521 δειμαίνοντα
867 448 933 525 περὶ

126 531 207 611 πάσῃ
220 536 256 610 τῇ
268 530 422 608 Ἀθηναίων
435 531 521 610 χάρη,
536 531 746 611 ἐξηγησάμενόν
760 538 817 607 σφι
830 533 864 593 τό
875 539 934 595 πᾶν

129 624 255 701 πρῆγμα,
276 618 492 699 κατηγήσασθαι
516 620 562 678 ε’πὶ
581 620 632 682 τάς
650 619 793 694 Ἀφίδνας.
822 622 873 685 τάς
899 617 933 699 δη

127 708 252 778 Τιτακός,
272 706 323 767 εἰδν
343 706 495 785 αὐτόχθων,
517 708 716 788 καταπροδιδοῖ
734 709 932 789 Τυνδαρίδῃσι·

125 801 202 857 τοῖσι
216 796 245 856 δὲ
259 799 414 855 Δεκελεῦσι
428 799 457 854 έν
471 795 587 874 Σπάρτη
601 794 657 855 ἀπό
670 795 771 855 τούτου
784 801 834 856 τοῦ
849 799 933 879 ἔργου
978 820 980 826 ⁴

126 884 238 959 ἀτελείη
255 909 288 944 τε
309 884 354 941 καὶ
376 883 507 959 προεδρίη
530 884 664 943 διατελέει
685 889 712 946 ές
732 883 797 944 τάδε
814 886 868 943 αἰεὶ
893 887 933 946 ἔτι

126 976 220 1041 εὀῦσα,
235 970 305 1030 οὕτω
326 969 398 1030 ὥστε
419 970 464 1028 καὶ
485 976 513 1033 ε’ς
532 971 581 1031 τόν
598 971 725 1048 πόλεμον
742 971 792 1031 τάν
812 971 933 1050 ὕστερον

125 1062 263 1118 πολλοῖσι
278 1059 352 1115 ἔτεσι
369 1056 473 1117 τούτων
488 1058 638 1139 γενόμενον
651 1058 832 1134 Ἀθηναίοισί
839 1086 870 1118 τε
886 1063 932 1120 καὶ

126 1145 395 1220 Πελοποννησίοισι,
416 1146 584 1222 σινεομένων
605 1146 657 1222 τήν
681 1144 774 1222 ἀλλην
797 1145 933 1224 Ἀττικήν

78 1236 117 1298 74
126 1233 358 1310 Λακεδαιμονίων,
376 1233 516 1308 Δεκελέης
537 1232 728 1312 ἀποσχέσθαι.
756 1234 865 1294 Τούτου
881 1236 932 1296 τοῦ

127 1323 215 1400 δήμου
227 1321 277 1381 ε’ὦν
288 1321 302 1381 ό
312 1320 448 1397 Σωφάνης
459 1322 504 1380 καὶ
515 1320 684 1398 ἀριστεύσας
692 1322 757 1382 τότε
766 1322 930 1398 Ἀθηναίων,

128 1411 218 1481 διξούς
234 1410 336 1492 λόγους
352 1410 520 1489 λεγομένους
542 1410 608 1489 ἔχει·
629 1409 678 1470 τάν
695 1412 755 1486 μὲν,
773 1409 808 1489 οἷς
830 1414 860 1468 έκ
881 1419 932 1472 τοῦ

125 1500 267 1575 ζωστῆρος
278 1502 328 1557 τοῦ
343 1497 466 1574 θώρηκος
482 1497 581 1574 ε’φόρεε
599 1499 707 1576 χαλκέη
722 1497 809 1559 ἀλύσι
822 1496 930 1577 δεδεμέ-

125 1613 176 1663 νην
189 1585 310 1667 άγκυραν
327 1587 468 1662 σιδηρέην·
484 1585 543 1661 τὴν,
564 1586 632 1647 ὅκως
649 1585 785 1644 πελάσειε
802 1586 931 1647 ἀπικνεό·

124 1701 207 1752 μενος
220 1679 296 1734 τοῖσι
314 1676 486 1750 πολεμίοισι,
508 1675 698 1749 βαλλέσκετο,
719 1674 764 1733 ἵνα
784 1672 819 1752 δή
834 1694 885 1750 μιν
904 1680 931 1735 οἱ

124 1765 257 1838 πολέμιοι
271 1763 448 1824 ἐκπίπτοντες
467 1766 495 1820 ἐκ
513 1766 562 1836 τῆς
578 1761 671 1831 τάξιος
687 1767 873 1838 μετακινῆσαι
888 1765 931 1840 μὴ

124 1850 262 1911 δυναίατο.
291 1852 437 1929 γινομένης
452 1851 481 1908 δὲ
496 1855 588 1930 φυγῆς
600 1855 655 1909 τῶν
669 1851 803 1920 ε’ναντίων,
816 1849 931 1911 δέδοκτο

56 2007 61 2014 ι
124 1937 176 2014 την
197 1936 318 2019 ἄγκυραν
339 1936 520 2013 ἀναλαβόντα
542 1938 612 1997 οὕτω
635 1937 749 1997 διώκειν·
777 1935 858 2000 οὗτος
878 1942 932 2015 μὲν

125 2027 195 2086 οὕτω
216 2028 337 2108 λέγεται·
360 2025 375 2085 ό
395 2024 417 2085 δ’
437 2027 529 2104 ἔτερος
547 2031 601 2086 τῶν
618 2025 718 2105 λόγων,
736 2028 774 2104 τῷ
792 2024 932 2103 πρότερον

125 2116 254 2194 λεχθέντι
272 2114 478 2190 ἀμφισβατέων
496 2116 617 2194 λέγεται,
634 2113 668 2176 ὦς
682 2112 723 2172 ἔπ’
737 2111 857 2176 ἀσπίδος
877 2117 931 2174 αίεὶ

124 2203 307 2278 περιθεούσης
332 2202 378 2259 καὶ
400 2201 507 2278 ούδαμά
528 2200 729 2279 ἀτρεμιζούσης
750 2201 848 2277 ε’φόρεε
872 2203 930 2260 ε’πί-

125 2315 217 2365 σημον
233 2288 362 2368 ἄγκυραν,
383 2289 429 2346 καὶ
451 2289 500 2348 οὐκ
520 2294 549 2347 ἔκ
565 2295 617 2348 τοῦ
637 2289 760 2366 θώρηκος
783 2288 932 2366 δεδεμένην

76 2376 265 2451 75σιδηρέην.
302 2374 387 2433 Ἔστι
409 2375 438 2433 δὲ
461 2377 506 2434 καὶ
529 2377 621 2452 ἕτερον
644 2377 773 2453 Σωφάνεϊ
795 2377 931 2454 λαμπρόν

125 2465 205 2543 ἔργον
230 2463 441 2544 ἐξεργασμένον,
464 2463 507 2523 ότι
529 2466 752 2541 περικατημένων
773 2464 931 2540 Ἀθηναίων

125 2552 249 2631 Αἴγιναν,
268 2549 438 2627 Εὐρυβάτην
453 2552 502 2612 τόν
516 2551 644 2632 Ἀργεῖον
658 2552 744 2629 ἀνδρα
757 2550 932 2613 πεντάεθλον

125 2643 155 2697 ἔκ
168 2638 342 2715 προκλήσιος
357 2639 501 2715 ἐφόνευσε.
544 2640 628 2700 αὐτόν
642 2641 670 2699 δὲ
689 2639 825 2715 Σωφάνεα
837 2639 931 2720 χρόνῳ

124 2726 242 2803 ὕστερον
254 2725 358 2786 τούτων
377 2729 526 2804 κατέλαβε,
542 2727 629 2806 ἀνδρα
646 2728 795 2809 γενόμενον
812 2726 931 2807 ἀγαθόν,

124 2813 278 2893 Ἀθηναίων
289 2818 498 2898 στρατηγέοντα
511 2815 569 2893 ἅμα
579 2816 695 2898 Λεάγρῳ
706 2821 744 2895 τῷ
754 2814 931 2886 Γλαύκωνος,

124 2902 275 2964 ἀποθανεῖν
287 2904 342 2963 ύπδ
352 2904 481 2964 Ἠδωνῶν
495 2909 524 2965 έν
538 2903 621 2983 Δάτῳ
634 2905 698 2980 περὶ
711 2908 766 2963 τῶν
779 2901 933 2979 μετάλλων

124 2997 179 3052 τῶν
197 2995 325 3072 χρυσέων
344 2992 531 3070 μαχεόμενον.

84 3078 107 3138 6
159 3081 208 3147 Ὡς
225 3082 258 3142 δὲ
279 3085 358 3144 τοῖσι
371 3079 501 3158 Ἕλλησι
517 3084 546 3140 ἓν
557 3085 723 3156 Πλαταιῇσι
738 3081 932 3154 κατέστρωντο

102 3170 133 3226 οἱ
140 3173 314 3252 βάρβαροι,
332 3166 459 3235 ἐνθαῦτά
472 3175 533 3248 σφι
543 3168 653 3244 ἐπῆλθε
662 3167 732 3245 γυνὴ
742 3163 904 3236 &Emm-
918 3167 943 3238 δ,

91 3257 199 3322 ‘’W-'3⁷⁸
215 3264 314 3340 ἔμαθε
331 3260 538 3326 ἀπολωλότας
551 3256 621 3319 τοὺς
630 3254 755 3328 Ἇέρσας
768 3246 816 3304 καλ
826 3247 964 3304 νικῶντας
