2024 3450
102 106 241 171 177-133]
405 108 589 156 ΠΟΛΤΜΝῙΑ.
855 106 902 152 195

102 188 160 250 νέες
175 188 248 263 τρεῖς
260 184 431 261 Ἑλληνίδες,
447 185 594 261 Τροιζηνίη
607 209 638 243 τε
655 185 700 242 καὶ
714 183 843 264 Αἰγιναίη
857 182 903 240 καὶ

100 272 224 350 Ἀττικὴ·
246 273 405 350 προϊδόντες
425 272 453 331 δὲ
473 269 549 330 οὗτοι
566 270 617 333 τάς
637 271 700 333 νέας
719 275 773 330 τῶν
789 269 901 347 βαρβά-

100 388 163 438 ρων,
183 367 210 424 ἐς
229 359 322 441 φυγὴν
341 360 483 436 ὥρμησαν·
511 358 569 432 Τὴν
587 360 638 433 μὲν
656 357 689 432 δὴ
709 359 878 434 Τροιζηνίην,
893 360 949 416 180

100 455 150 523 τῆς
162 449 232 527 ἡρχε
249 448 398 524 Πρηξῖνος,
415 447 512 504 αὐτίκα
531 446 657 521 αἱρέουσι
675 446 858 520 ἐπισπόμενοι
876 449 903 504 οἱ

100 536 256 613 βάρβαροι·
292 536 338 592 καὶ
365 535 459 592 ἔπειτα
485 537 540 592 τῶν
567 532 722 607 ἐπιβατέων
747 531 830 608 αύτὴς
853 533 902 591 τὸν

102 623 324 683 καλλιστεύοντα
341 620 493 701 ἀγαγόντες
511 619 556 678 ἐπὶ
576 623 626 695 τὴς
641 618 751 695 πρώρης
768 623 818 694 τῆς
839 619 903 696 νηδς

102 710 236 785 ἔσφαξαν,
253 709 388 777 διαδέξιον
401 706 559 783 ποιεύμενοι
577 708 626 766 τόν
641 707 723 768 εἶλον,
732 711 786 765 τῶν
799 706 902 781 Ἑλλὴ·

101 823 154 855 νων
174 800 284 872 πρῶτον
308 796 353 853 καὶ
380 794 546 854 κάλλιστον·
586 798 624 872 τῷ
644 793 673 852 δὲ
694 794 903 874 σφαγιασθέντι

101 882 309 964 τούτῳέαύνομα
322 881 357 957 ἦν
370 883 457 943 Λέων·
477 881 551 961 τάχα
565 881 587 940 δ’
602 880 635 941 ἄν
653 907 680 940 τι
700 882 808 941 καὶτοῦ
826 880 902 941 ούνό-

101 995 188 1044 ματος
202 969 357 1047 ἐπαύροιτο·
391 969 428 1030 ‘H
445 970 474 1029 δέ
488 971 626 1051 Αἰγιναίη,
640 973 690 1044 τὴς
704 968 881 1048 ἐτριηράρχεε
891 969 946 1028 181

100 1057 259 1135 Ἀσωνίδης,
278 1060 326 1117 καί
343 1058 405 1119 τινά
425 1065 481 1136 σφι
502 1059 625 1135 θόρυβον
645 1058 779 1137 παρέσχε,
802 1056 902 1117 Πυθέω

99 1149 150 1204 τοῦ
170 1145 314 1226 Ἰσχενόου
338 1145 553 1224 ἐπιβατεύοντος
569 1145 667 1222 άνδρδς
685 1144 802 1222 οἷρίστου
823 1172 900 1226 γενο-

99 1234 183 1310 μένον
196 1235 298 1311 ταύτην
310 1234 362 1310 τὴν
372 1235 487 1311 ἡμέρην·
503 1233 533 1298 ὃς
543 1234 637 1309 ἐπειδὴ
648 1233 666 1308 ἡ
677 1238 742 1296 ναῦς
752 1234 898 1309 ἡλίσκετο,

100 1327 127 1385 ἐς
147 1327 230 1383 τοῦτο
251 1322 360 1400 άντεῖχε
380 1323 548 1401 μαχόμενος,
571 1326 598 1385 ἐς
622 1320 638 1381 ὃ
662 1320 900 1400 κατεκρεουργήθη

100 1408 180 1472 ἅπας·
203 1411 237 1473 ῶς
250 1409 279 1468 δὲ
294 1410 387 1468 πεσών
401 1408 451 1468 ούκ
466 1408 586 1468 α’πέθανε
605 1408 670 1467 ἀλλ’
684 1407 718 1482 ἢν
732 1410 858 1483 έμπνοος,
873 1411 899 1467 οί

101 1498 220 1572 Πέρσαι,
238 1497 317 1572 οἵπερ
337 1496 507 1571 ἐπεβάτευον
523 1495 569 1554 ἐπὶ
586 1499 641 1554 τῶν
658 1499 732 1564 νεῶν,
752 1494 786 1552 δι’
800 1493 900 1571 α’ρετὴν

100 1582 152 1657 τὴν
171 1583 274 1641 ἐκείνου
295 1583 481 1659 περιποιῆσαί
497 1608 546 1658 μιν
566 1581 629 1658 περὶ
650 1582 786 1641 πλείστου
807 1581 899 1658 ἐποιὴ-

101 1694 196 1738 σαντο,
218 1669 362 1748 σμύρνῃσί
375 1696 406 1728 τε
428 1669 537 1746 ἰώμενοι
554 1668 589 1728 τά
608 1669 691 1727 ἕλκεα
711 1670 757 1727 καὶ
773 1668 900 1733 σινδόνας

99 1757 242 1832 βυσσίνης
267 1761 412 1834 τελαμῶσι
441 1757 675 1817 κατειλίσσοντες·
710 1758 758 1815 καί
782 1782 838 1832 μιν,
864 1757 900 1822 ῶς

100 1842 191 1903 α’πίσω
212 1843 344 1905 ἀπίκοντο
361 1851 388 1908 ἐς
407 1845 440 1904 ro*
459 1848 564 1904 ἑωυτῶν
581 1842 779 1921 στρατόπεδον,
798 1845 899 1905 ἐπεδεί-

100 1957 205 2003 κνυσαν
220 1934 223 1939 ’
239 1932 458 2012 ἐκπαγλεόμενοι
488 1930 567 2010 πάσῃ
593 1935 629 2010 τῇ
655 1936 782 2011 στρατιῇ,
809 1934 899 2011 περιέ-

99 2045 198 2082 ποντες
218 2027 258 2079 εὖ·
278 2020 342 2083 τούς
362 2020 391 2078 δὲ
412 2018 519 2082 ἅλλους
538 2020 602 2082 τούς
623 2019 674 2077 έλα
698 2046 729 2079 ον
750 2026 779 2080 ἐν
798 2024 834 2098 τῇ
855 2021 900 2096 νηί

98 2107 186 2186 ταύτῃ
199 2111 342 2185 περιεῖπον
353 2107 388 2170 ῶς
402 2106 569 2184 ἀνδράποδα.
605 2109 641 2165 At
654 2109 706 2182 μὲν
719 2107 752 2182 δὴ
763 2105 812 2165 δύο
824 2111 879 2167 τῶν
890 2111 945 2167 182

99 2198 169 2255 νεῶν.
179 2195 249 2255 οὕτω
264 2195 463 2274 ἐχειρώθησαν·
483 2193 545 2270 ἡδὲ
558 2193 644 2270 τρίτη,
658 2197 707 2269 τῆς
721 2193 899 2274 ἐτριηράρχεε

84 2280 216 2358 ’Φόρμος
235 2281 303 2359 άνὴρ
318 2282 472 2359 Ἀθηναῖος,
489 2280 635 2362 φεύγουσα
652 2281 794 2350 ἐξοκέλλει
810 2286 837 2345 ἐς
847 2281 899 2346 τάς

98 2370 288 2444 ἐσβολάς’τοῦ
302 2373 434 2446 Πηνειοῦ·
456 2370 502 2429 καί
514 2372 628 2446 τοῦμὲν
644 2368 769 2444 σκάφεος
786 2369 898 2447 ἐκράτη-

98 2481 154 2515 σαν
173 2460 199 2515 οἱ
216 2457 364 2534 βάρβαροι
376 2463 431 2517 τῶν
452 2457 481 2516 δὲ
495 2456 600 2534 α’νδρῶν
615 2456 656 2516 ού·
679 2456 714 2520 ῶς
729 2457 784 2537 γάρ
798 2458 832 2534 δὴ
850 2458 898 2520 τά·

97 2568 185 2621 χιστα
199 2544 351 2604 ἐπώκειλαν
366 2545 418 2620 τὴν
431 2546 479 2604 νέα
496 2548 523 2603 οἰ
536 2545 687 2621 Ἀθηναῖοι,
702 2544 895 2623 ἀποθορόντες,

98 2629 169 2689 κατά
187 2632 351 2706 Θεσσαλίην
369 2631 549 2708 πορευόμενοι
566 2633 759 2708 ἐκομίσθησαν
776 2637 803 2696 ἐς
815 2633 897 2710 Ἀθή-

97 2743 154 2781 νας.
196 2722 284 2778 ταῦτα
298 2721 325 2777 οἱ
338 2718 478 2795 Ἕλληνες
492 2722 518 2778 οἱ
537 2719 579 2778 ἐπ’
592 2719 760 2799 Ἀρτεμισίῳ
778 2746 896 2798 στρατο·

96 2804 272 2883 πεδενόμενοι
287 2806 473 2866 πυνθάνονται
490 2806 566 2882 παραὶ
586 2811 702 2885 πυρσῶν
721 2811 751 2867 ἐκ
765 2808 897 2873 Σκιάθου·

96 2893 247 2970 πυθόμενοι
267 2892 296 2952 δὲ
315 2895 361 2952 καὶ
382 2893 651 2970 καταρρωδήσαντες,
666 2894 722 2954 άπδ
739 2899 789 2954 τοῦ
801 2894 896 2971 Ἀρτε-

95 2982 192 3054 μισίου
214 2981 419 3058 μετωρμίζοντο
442 2985 470 3044 ἐς
493 2982 631 3052 Χαλκίδα,
653 2979 825 3056 φυλάξοντες
846 2984 898 3058 μὲν

95 3066 144 3124 τῶν
169 3067 301 3145 Εὔριπον,
324 3069 468 3131 λείποντες
488 3068 518 3127 δὲ
541 3068 754 3146 ἡμεροσκόπους
777 3067 841 3142 περὶ
860 3068 900 3126 τά

95 3151 192 3228 ύψηλᾶ
205 3158 255 3229 τῆς
267 3153 402 3232 Εὐβοίης.
437 3158 501 3215 Γἰῶν
519 3155 554 3215 δέ
566 3155 640 3215 δέκα
657 3158 728 3214 νεῶν
750 3155 808 3209 τῶν
827 3150 979 3241 δας-Ψ)

82 3238 186 3313 βαρων
200 3245 276 3316 τρεῖς
295 3244 450 3306 ἐπέλασαν
470 3245 543 3324 περὶ
562 3243 597 3304 τὸ
617 3243 702 3319 ‘emm
718 3239 757 3296 τὸ
774 3227 889 3308 pm&
900 3230 955 3276 ἶς’·
