2024 3450
73 113 181 177 33-37]
398 115 551 160 οιϊικικ,
824 111 871 158 233

73 191 150 252 οὗτοι
177 191 299 269 ἐπέσχον
325 194 375 265 τῆς
402 191 530 259 Φωκίδος,
557 189 650 250 πάντα
678 187 872 266 ἐσιναμώρεον·

73 281 119 338 καὶ
139 278 194 358 γοῖρ
214 283 269 338 τῶν
290 278 443 337 Πανοπέων
466 276 517 352 τῆν
537 277 621 336 πόλιν
642 279 805 354 ἐνέπρησαν,
827 277 873 334 καὶ

73 369 210 440 Δαυλίων,
246 367 292 424 καὶ
327 365 487 424 Αἰολιδέων.
530 363 693 439 ἐπορεύοντο
727 365 756 423 δέ
786 364 873 442 ταύτῃ

72 455 296 534 ἀποσχισθέντες
321 457 372 528 τῆς
398 451 490 527 ἄλλης
510 455 645 527 στρατιῆς
667 452 751 510 τῶνδε
776 453 873 520 εἵνεκα,

35 574 42 582 ·
72 542 141 606 ὅκως
162 541 338 617 συλήσαντες
355 539 388 598 τό
410 538 470 615 ἶρὸν
486 537 520 603 τὸ
536 543 565 597 ἐν
584 541 736 612 Δελφοῖσι,
754 539 874 612 βασιλεῖ

72 631 162 709 Ξέρξη
176 628 338 696 ἀποδέξαιεν
356 627 392 686 τὰ
404 624 545 704 χρήματα.
587 623 679 684 πάντα
697 624 720 682 δ’
734 624 874 700 ἠπίστατο
925 616 931 630 ⁶

71 718 107 775 τοὶ
129 723 158 775 ἐν
178 720 217 794 τῷ
240 718 288 792 ἱρῷ
303 713 360 773 ὅσα
377 713 466 794 λόγου
483 711 518 789 ῆν
536 711 601 783 ἅξια
622 712 736 788 Ξέρξης,
761 711 795 774 ῶς
819 710 873 791 ἐγῶ
934 765 938 774 ,

72 803 254 878 πυνθάνομαι,
281 800 393 877 ἄμεινον
412 798 431 876 ἢ
450 801 486 860 τὰ
507 806 536 861 ἐν
555 804 632 860 τοῖσι
653 799 873 867 οἰκίοισιέλιπε,

72 893 189 949 πολλῶν
203 889 255 947 αἰεὶ
269 887 414 968 λεγόντων,
429 889 475 947 καὶ
488 887 616 964 μα’λιστα
634 888 670 947 τα
684 890 810 964 Κροίσου
823 890 873 946 τοῦ

72 975 230 1036 Ἀλυάττεω
244 974 414 1052 ἀναθήματα,
452 980 489 1036 Οἱ
503 977 615 1052 Δελφοὶ
630 977 659 1057 δέ
672 975 873 1052 πυνθανόμενοι
882 977 920 1034 36

68 1067 168 1135 ταῦτα,
195 1069 223 1127 ἐς
241 1067 338 1123 πᾶσαν
357 1063 643 1141 ῶρρωδίηνκῖπίκατο·
665 1069 694 1123 ἐν
715 1065 822 1139 δείματι
843 1063 872 1122 δέ

67 1152 185 1233 ’μεγαλῳ
212 1156 403 1222 κατεστεῶτες,
432 1152 614 1229 ἐμαντεύοντο
637 1155 701 1229 περὶ
727 1157 781 1212 τῶν
809 1155 873 1229 ἱρῶν

69 1240 240 1318 χρημάτων,Ι
257 1241 311 1299 εἴτε
338 1241 416 1315 σφέα
444 1240 514 1299 κατὰ
540 1245 593 1321 γῆς
620 1238 793 1317 κατορύξωσι
821 1238 874 1297 εἴτε

72 1330 242 1404 ἐκκομίσωσι
259 1333 287 1390 ἐς
306 1327 399 1402 ἄλλην
420 1328 526 1406 χῶρην;
548 1327 564 1386 ὁ
586 1328 615 1386 δέ
634 1325 697 1388 θεός
713 1332 805 1400 σφεας
823 1323 872 1383 οὖκ

65 1414 104 1472 Ιἐα
117 1417 221 1487 κινέειν,
238 1414 295 1489 φῶς
313 1412 397 1476 αύτδς
410 1414 506 1489 1ἱκανῶς
528 1413 597 1471 εἶναι
616 1416 671 1472 τῶν
688 1415 788 1471 ἐωυτοῦ
805 1437 873 1487 προ-

72 1503 221 1575 κατῆσθαι.
264 1500 375 1574 Δελφοὶ
402 1499 432 1558 δὲ
457 1502 545 1558 ταῦτα
572 1498 748 1567 ἀκούσαντες,
777 1499 874 1573 σφέων

64 1586 161 1646 ,αὐτῶν
173 1589 237 1663 πέρι
251 1585 422 1662 ἐφρόντιζον.
464 1585 546 1645 τέκνα
558 1586 610 1662 μέν
624 1611 672 1645 νυν
685 1587 731 1644 καὶ
743 1589 874 1666 γυναῖκας

64 1673 159 1750 ,πέρην
175 1679 202 1736 ἐς
219 1672 271 1748 τῆν
290 1671 419 1750 Ἀχαιίην
436 1672 600 1750 διέπεμψαν·
622 1672 711 1732 αὐτῶν
730 1673 760 1731 δέ
781 1676 807 1731 οἱ
822 1675 874 1749 μέν

72 1764 203 1820 πλεῖστοι
217 1760 362 1835 α’νέβησαν
376 1765 403 1822 ἐς
421 1764 471 1820 τοῦ
484 1764 660 1837 Παρνησσοῦ
673 1759 723 1822 ταὶς
739 1759 873 1837 κορυφῶς,

73 1849 119 1906 καὶ
140 1853 167 1911 ἐς
186 1848 219 1908 τὸ
241 1847 385 1924 Κωρύκιον
404 1845 504 1924 ἄντρον
518 1847 711 1923 ἀνηνείκαντο·
749 1852 776 1908 οἱ
797 1848 827 1906 δὲ
847 1853 875 1910 ἐς

69 1929 238 2012 Ἀμφισσαν
251 1935 303 2011 τῆν
315 1935 439 2011 Λοκρίδα
451 1935 619 2010 ὑπεξῆλθον·
640 1935 740 1998 πάντες
754 1937 783 1994 δὲ
797 1934 834 1995 ὧν
847 1939 874 1994 οἱ

73 2023 185 2098 Δελφοὶ
205 2023 333 2092 ἐξέλιπον
348 2022 401 2098 τῆν
420 2021 513 2092 πόλιν,
527 2021 604 2097 πλὴν
624 2022 756 2097 ἐξήκοντα
769 2021 874 2098 ἀνδρῶν
942 2087 946 2094 ,

72 2112 117 2170 καὶ
143 2115 192 2171 τοῦ
219 2109 379 2189 προφήτεω.
420 2109 499 2169 Ἐπεὶ
523 2109 561 2168 δὲ’
579 2108 669 2190 α’γχοῦ
695 2135 726 2169 τε
749 2107 824 2184 ῆσαν
848 2108 919 2172 οἶ3ῗ

64 2207 67 2210 ’
71 2198 216 2278 βάρβαροι
230 2198 352 2262 ἐπιόντες
366 2198 413 2257 καὶ
429 2196 554 2275 ἅπῶρεον
573 2198 607 2258 vd
627 2197 694 2275 ἱρδν,
708 2202 738 2258 ἐν
751 2196 844 2278 τούτῳ
858 2198 874 2257 ὁ

70 2287 226 2364 προφήτης,
242 2290 286 2366 τῷ
306 2284 412 2364 οὕνομα
431 2283 466 2361 ἦν
485 2285 648 2363 Ἀκήρατος,
676 2285 728 2365 6ρηῖ
748 2285 803 2361 πρδ
823 2290 874 2346 τοῦ

71 2379 137 2450 νηοῦ
152 2375 228 2435 ὅπλα
240 2374 408 2453 προκείμενα
422 2375 525 2434 ἐσωθεν
539 2379 569 2432 ἐκ
582 2377 633 2437 ,τοῦ
645 2373 770 2454 μεγάρου
784 2374 872 2451 ἐξενη-

71 2462 201 2542 νειγμένα
215 2462 269 2539 ἱροὶ,
282 2467 338 2523 τῶν
351 2461 401 2522 οὐκ
420 2461 500 2522 ὅσιον
516 2460 551 2536 ῆν
569 2460 709 2527 ἅπτεσθαι
723 2460 874 2539 ἀνθρώπων

72 2547 170 2607 οὐδενί·
191 2547 207 2607 ὁ
220 2551 272 2623 μὲν
285 2549 319 2626 δῆ
337 2547 381 2624 ῆῖε
395 2553 517 2624 Δελφῶν
532 2553 610 2608 τοῖσι
627 2553 764 2626 παρεοῦσι
782 2575 873 2626 σημα-

71 2637 139 2696 νέων
150 2635 184 2694 τὸ
197 2636 288 2711 τέρας·
310 2639 336 2694 οἱ
350 2636 379 2694 δέ
394 2635 541 2715 βάρβαροι
558 2630 651 2712 ἐπειδὴ
665 2638 788 2718 ἐγίνοντο
803 2643 874 2697 ἐπει-

71 2723 185 2803 γόμενοι
211 2723 282 2782 κατὰ
311 2722 345 2799 τδ
377 2721 437 2800 ἶρδν
466 2727 517 2798 τῆς
548 2725 690 2801 Προνηίης
716 2724 873 2802 Ἀθηναίης,

73 2812 225 2893 ἐπιγίνεταί
232 2817 293 2887 Ισφι
305 2811 387 2889 τέρεα
399 2811 439 2872 ἔτι
456 2813 559 2888 μέζονα
575 2815 627 2872 τοῦ
645 2814 710 2890 πρὶν
723 2815 873 2893 γενομένου

72 2901 172 2976 τέρεος·
194 2902 275 2978 θῶμα
289 2902 342 2977 μέν
357 2898 412 2980 γὰρ
431 2900 478 2959 καὶ
494 2903 578 2959 τοῦτο
600 2899 688 2976 κάρτα
709 2900 779 2967 ἐστὶ,
798 2897 874 2957 ὅπλα

72 2986 154 3062 ἅρῆία
170 2988 314 3065 αὐτόματα
333 2991 457 3065 φανῆναι
475 2987 526 3056 ἔξω
543 2988 712 3065 προκείμενα
727 2988 778 3044 τοῦ
796 2989 874 3060 νηοῦ·

71 3072 107 3132 τοὶ
127 3075 157 3134 δὲ
177 3075 212 3151 δὴ
234 3076 281 3136 ἐπὶ
299 3075 387 3154 τούτῳ
414 3074 528 3153 δεύτερα
554 3073 746 3154 ἐπιηενύμενα
772 3070 914 3164 ικςίκῖςςῖιχ

72 3161 181 3222 πάντων
202 3162 362 3242 φασμάτων
385 3163 452 3235 ἄξια
474 3161 636 3240 θωυμᾶσαι
657 3157 810 3235 μάλιστα·
838 3152 927 3248 χὶῇζ

61 3247 116 3324 ya'p
129 3247 166 3323 δῆ
179 3247 258 3324 ἦσαν
270 3253 406 3318 ἐπιόντες
419 3257 450 3314 οἱ
468 3253 635 3331 βάρβαροι
650 3241 733 3304 κατὰ
750 3236 793 3296 τὶ
803 3236 877 3304 ‘W’
892 3240 957 3288 “¹¹5³
