<?xml version="1.0" encoding="UTF-8"?>
<!DOCTYPE html PUBLIC "-//W3C//DTD XHTML 1.0 Transitional//EN"
    "http://www.w3.org/TR/xhtml1/DTD/xhtml1-transitional.dtd">
<html xmlns="http://www.w3.org/1999/xhtml" xml:lang="en" lang="en">
 <head>
  <title>
</title>
<meta http-equiv="Content-Type" content="text/html;charset=utf-8" />
  <meta name='ocr-system' content='tesseract 3.04.00' />
  <meta name='ocr-capabilities' content='ocr_page ocr_carea ocr_par ocr_line ocrx_word'/>
</head>
<body>
  <div class='ocr_page' id='page_1' title='image "./recensuitjoseph01herogoog/recensuitjoseph01herogoog_0147.png"; bbox 0 0 2024 3450; ppageno 0'>
   <div class='ocr_carea' id='block_1_1' title="bbox 55 104 970 3354">
    <p class='ocr_par' dir='ltr' id='par_1_1' title="bbox 113 104 917 876">
     <span class='ocr_line' id='line_1_1' title="bbox 117 104 912 168; baseline 0.003 -16"><span class='ocrx_word' id='word_1_1' title='bbox 117 106 163 153; x_wconf 82' lang='grc' dir='ltr'>ιιο</span> <span class='ocrx_word' id='word_1_2' title='bbox 423 104 605 153; x_wconf 77' lang='grc' dir='ltr'>ἭΡοΔοτοτ</span> <span class='ocrx_word' id='word_1_3' title='bbox 834 104 912 168; x_wconf 81' lang='lat' dir='ltr'><strong>[vn.</strong></span> 
     </span>
     <span class='ocr_line' id='line_1_2' title="bbox 116 180 917 264; baseline 0 -22"><span class='ocrx_word' id='word_1_4' title='bbox 116 180 177 242; x_wconf 81' lang='grc' dir='ltr'>ἔστι</span> <span class='ocrx_word' id='word_1_5' title='bbox 201 183 337 250; x_wconf 86' lang='grc' dir='ltr'>Νίσαιον·</span> <span class='ocrx_word' id='word_1_6' title='bbox 364 182 429 245; x_wconf 72' lang='grc' dir='ltr'>τούς</span> <span class='ocrx_word' id='word_1_7' title='bbox 451 180 488 241; x_wconf 81' lang='grc' dir='ltr'>ὧν</span> <span class='ocrx_word' id='word_1_8' title='bbox 509 182 543 257; x_wconf 76' lang='grc' dir='ltr'>δή</span> <span class='ocrx_word' id='word_1_9' title='bbox 567 181 751 247; x_wconf 70' lang='grc' dir='ltr'>ἵππους’τοι)ς</span> <span class='ocrx_word' id='word_1_10' title='bbox 774 184 917 264; x_wconf 79' lang='grc' dir='ltr'>μεγάλους</span> 
     </span>
     <span class='ocr_line' id='line_1_3' title="bbox 115 269 917 346; baseline 0.002 -18"><span class='ocrx_word' id='word_1_11' title='bbox 115 271 194 346; x_wconf 81' lang='grc' dir='ltr'>φέρει</span> <span class='ocrx_word' id='word_1_12' title='bbox 206 270 239 330; x_wconf 82' lang='grc' dir='ltr'>τό</span> <span class='ocrx_word' id='word_1_13' title='bbox 253 270 348 330; x_wconf 83' lang='grc' dir='ltr'>πεδίον</span> <span class='ocrx_word' id='word_1_14' title='bbox 360 274 451 330; x_wconf 84' lang='grc' dir='ltr'>τοῦτο.</span> <span class='ocrx_word' id='word_1_15' title='bbox 495 269 598 331; x_wconf 78' lang='grc' dir='ltr'>ὄπισθε</span> <span class='ocrx_word' id='word_1_16' title='bbox 612 271 641 330; x_wconf 87' lang='grc' dir='ltr'>δὲ</span> <span class='ocrx_word' id='word_1_17' title='bbox 654 269 757 331; x_wconf 78' lang='grc' dir='ltr'>τούτων</span> <span class='ocrx_word' id='word_1_18' title='bbox 773 275 828 330; x_wconf 78' lang='grc' dir='ltr'>τῶν</span> <span class='ocrx_word' id='word_1_19' title='bbox 849 270 917 330; x_wconf 89' lang='grc' dir='ltr'>δέκα</span> 
     </span>
     <span class='ocr_line' id='line_1_4' title="bbox 115 356 915 435; baseline 0.004 -20"><span class='ocrx_word' id='word_1_20' title='bbox 115 358 206 418; x_wconf 81' lang='grc' dir='ltr'>ἵππων</span> <span class='ocrx_word' id='word_1_21' title='bbox 220 356 295 434; x_wconf 77' lang='grc' dir='ltr'>ἅρμα</span> <span class='ocrx_word' id='word_1_22' title='bbox 309 359 377 421; x_wconf 82' lang='grc' dir='ltr'>Διός</span> <span class='ocrx_word' id='word_1_23' title='bbox 392 357 451 435; x_wconf 82' lang='grc' dir='ltr'>ἱρόν</span> <span class='ocrx_word' id='word_1_24' title='bbox 466 359 638 427; x_wconf 78' lang='grc' dir='ltr'>ἐπετέτακτο,</span> <span class='ocrx_word' id='word_1_25' title='bbox 651 358 683 418; x_wconf 84' lang='grc' dir='ltr'>τό</span> <span class='ocrx_word' id='word_1_26' title='bbox 699 359 779 417; x_wconf 84' lang='grc' dir='ltr'>ἵπποι</span> <span class='ocrx_word' id='word_1_27' title='bbox 791 360 842 434; x_wconf 75' lang='grc' dir='ltr'>μὲν</span> <span class='ocrx_word' id='word_1_28' title='bbox 858 361 915 418; x_wconf 76' lang='grc' dir='ltr'>είλ-</span> 
     </span>
     <span class='ocr_line' id='line_1_5' title="bbox 115 444 915 526; baseline 0.003 -22"><span class='ocrx_word' id='word_1_29' title='bbox 115 472 164 505; x_wconf 91' lang='grc' dir='ltr'>κον</span> <span class='ocrx_word' id='word_1_30' title='bbox 184 447 278 505; x_wconf 89' lang='grc' dir='ltr'>λευκοὶ</span> <span class='ocrx_word' id='word_1_31' title='bbox 299 444 380 506; x_wconf 82' lang='grc' dir='ltr'>όκτιό·</span> <span class='ocrx_word' id='word_1_32' title='bbox 403 445 505 506; x_wconf 81' lang='grc' dir='ltr'>ὄπισθε</span> <span class='ocrx_word' id='word_1_33' title='bbox 519 447 549 505; x_wconf 79' lang='grc' dir='ltr'>δὲ</span> <span class='ocrx_word' id='word_1_34' title='bbox 561 450 616 506; x_wconf 87' lang='grc' dir='ltr'>τῶν</span> <span class='ocrx_word' id='word_1_35' title='bbox 631 448 721 509; x_wconf 82' lang='grc' dir='ltr'>ἵππων</span> <span class='ocrx_word' id='word_1_36' title='bbox 735 448 827 506; x_wconf 86' lang='grc' dir='ltr'>εἵπετο</span> <span class='ocrx_word' id='word_1_37' title='bbox 844 450 915 526; x_wconf 83' lang='grc' dir='ltr'>πεζῇ</span> 
     </span>
     <span class='ocr_line' id='line_1_6' title="bbox 113 533 915 615; baseline 0.002 -22"><span class='ocrx_word' id='word_1_38' title='bbox 113 533 233 613; x_wconf 78' lang='grc' dir='ltr'>ἡνίοχος,</span> <span class='ocrx_word' id='word_1_39' title='bbox 253 534 384 615; x_wconf 76' lang='grc' dir='ltr'>ἐχόμενος</span> <span class='ocrx_word' id='word_1_40' title='bbox 405 538 460 595; x_wconf 78' lang='grc' dir='ltr'>τῶν</span> <span class='ocrx_word' id='word_1_41' title='bbox 481 539 612 613; x_wconf 80' lang='grc' dir='ltr'>χαλινῶν·</span> <span class='ocrx_word' id='word_1_42' title='bbox 634 534 722 597; x_wconf 71' lang='grc' dir='ltr'>οὐδεὶς</span> <span class='ocrx_word' id='word_1_43' title='bbox 739 534 793 615; x_wconf 77' lang='grc' dir='ltr'>γᾶρ</span> <span class='ocrx_word' id='word_1_44' title='bbox 816 535 849 610; x_wconf 75' lang='grc' dir='ltr'>δὴ</span> <span class='ocrx_word' id='word_1_45' title='bbox 868 537 915 595; x_wconf 81' lang='grc' dir='ltr'>ε’πὶ</span> 
     </span>
     <span class='ocr_line' id='line_1_7' title="bbox 113 621 915 700; baseline 0.002 -20"><span class='ocrx_word' id='word_1_46' title='bbox 113 627 212 683; x_wconf 81' lang='grc' dir='ltr'>τοῦτον</span> <span class='ocrx_word' id='word_1_47' title='bbox 232 622 281 683; x_wconf 84' lang='grc' dir='ltr'>τόν</span> <span class='ocrx_word' id='word_1_48' title='bbox 302 623 400 700; x_wconf 85' lang='grc' dir='ltr'>θρόνον</span> <span class='ocrx_word' id='word_1_49' title='bbox 421 621 572 700; x_wconf 71' lang='grc' dir='ltr'>ἀνθρώπων</span> <span class='ocrx_word' id='word_1_50' title='bbox 592 622 746 699; x_wconf 77' lang='grc' dir='ltr'>ἀναβαίνει·</span> <span class='ocrx_word' id='word_1_51' title='bbox 767 622 867 682; x_wconf 82' lang='grc' dir='ltr'>τούτου</span> <span class='ocrx_word' id='word_1_52' title='bbox 885 624 915 682; x_wconf 87' lang='grc' dir='ltr'>δὲ</span> 
     </span>
     <span class='ocr_line' id='line_1_8' title="bbox 113 709 913 788; baseline 0.003 -20"><span class='ocrx_word' id='word_1_53' title='bbox 113 709 230 771; x_wconf 84' lang='grc' dir='ltr'>ὄπισθεν</span> <span class='ocrx_word' id='word_1_54' title='bbox 251 710 333 772; x_wconf 74' lang='grc' dir='ltr'>αὐτὸς</span> <span class='ocrx_word' id='word_1_55' title='bbox 346 712 451 787; x_wconf 82' lang='grc' dir='ltr'>Ξέρξης</span> <span class='ocrx_word' id='word_1_56' title='bbox 472 710 514 770; x_wconf 76' lang='grc' dir='ltr'>ἐπ’</span> <span class='ocrx_word' id='word_1_57' title='bbox 528 709 651 788; x_wconf 83' lang='grc' dir='ltr'>ἅρματος</span> <span class='ocrx_word' id='word_1_58' title='bbox 673 711 762 770; x_wconf 86' lang='grc' dir='ltr'>ἵππων</span> <span class='ocrx_word' id='word_1_59' title='bbox 776 712 913 770; x_wconf 89' lang='grc' dir='ltr'>Νισαίων·</span> 
     </span>
     <span class='ocr_line' id='line_1_9' title="bbox 113 797 914 876; baseline -0.001 -20"><span class='ocrx_word' id='word_1_60' title='bbox 113 801 300 875; x_wconf 88' lang='grc' dir='ltr'>παραβέβηκε</span> <span class='ocrx_word' id='word_1_61' title='bbox 321 798 352 856; x_wconf 88' lang='grc' dir='ltr'>δέ</span> <span class='ocrx_word' id='word_1_62' title='bbox 372 801 398 857; x_wconf 86' lang='grc' dir='ltr'>οἶ</span> <span class='ocrx_word' id='word_1_63' title='bbox 411 798 530 876; x_wconf 79' lang='grc' dir='ltr'>ἡνίοχος,</span> <span class='ocrx_word' id='word_1_64' title='bbox 546 803 584 876; x_wconf 74' lang='grc' dir='ltr'>τῷ</span> <span class='ocrx_word' id='word_1_65' title='bbox 598 797 703 876; x_wconf 79' lang='grc' dir='ltr'>οὕνομα</span> <span class='ocrx_word' id='word_1_66' title='bbox 720 798 754 874; x_wconf 83' lang='grc' dir='ltr'>ἦν</span> <span class='ocrx_word' id='word_1_67' title='bbox 768 799 914 874; x_wconf 76' lang='grc' dir='ltr'>Πατιράμ-</span> 
     </span>
    </p>

    <p class='ocr_par' dir='ltr' id='par_1_2' title="bbox 65 884 917 1583">
     <span class='ocr_line' id='line_1_10' title="bbox 65 884 914 962; baseline 0.005 -20"><span class='ocrx_word' id='word_1_68' title='bbox 65 886 100 942; x_wconf 80' lang='grc'>41</span> <span class='ocrx_word' id='word_1_69' title='bbox 112 892 175 960; x_wconf 83' lang='grc' dir='ltr'>φης,</span> <span class='ocrx_word' id='word_1_70' title='bbox 190 885 311 944; x_wconf 80' lang='grc' dir='ltr'>Ὀτάνεω</span> <span class='ocrx_word' id='word_1_71' title='bbox 333 889 398 948; x_wconf 84' lang='grc' dir='ltr'>παῖς</span> <span class='ocrx_word' id='word_1_72' title='bbox 419 884 516 961; x_wconf 82' lang='grc' dir='ltr'>οἷνδρός</span> <span class='ocrx_word' id='word_1_73' title='bbox 530 887 657 962; x_wconf 80' lang='grc' dir='ltr'>Πέρσεω.</span> <span class='ocrx_word' id='word_1_74' title='bbox 700 885 841 961; x_wconf 81' lang='grc' dir='ltr'>Ἐξήλασε</span> <span class='ocrx_word' id='word_1_75' title='bbox 861 890 914 961; x_wconf 87' lang='grc' dir='ltr'>μὲν</span> 
     </span>
     <span class='ocr_line' id='line_1_11' title="bbox 113 971 915 1048; baseline 0.005 -19"><span class='ocrx_word' id='word_1_76' title='bbox 113 971 183 1031; x_wconf 82' lang='grc' dir='ltr'>οὕτω</span> <span class='ocrx_word' id='word_1_77' title='bbox 205 979 234 1030; x_wconf 93' lang='grc' dir='ltr'>ε’κ</span> <span class='ocrx_word' id='word_1_78' title='bbox 258 973 381 1047; x_wconf 80' lang='grc' dir='ltr'>Σαρδίων</span> <span class='ocrx_word' id='word_1_79' title='bbox 403 972 517 1048; x_wconf 79' lang='grc' dir='ltr'>Ξέρξης·</span> <span class='ocrx_word' id='word_1_80' title='bbox 544 974 762 1048; x_wconf 83' lang='grc' dir='ltr'>μετεκβαίνεσκε</span> <span class='ocrx_word' id='word_1_81' title='bbox 783 974 820 1042; x_wconf 84' lang='grc' dir='ltr'>δὲ,</span> <span class='ocrx_word' id='word_1_82' title='bbox 845 973 915 1038; x_wconf 85' lang='grc' dir='ltr'>ὅκως</span> 
     </span>
     <span class='ocr_line' id='line_1_12' title="bbox 111 1057 913 1138; baseline 0 -20"><span class='ocrx_word' id='word_1_83' title='bbox 111 1085 160 1135; x_wconf 90' lang='grc' dir='ltr'>μιν</span> <span class='ocrx_word' id='word_1_84' title='bbox 181 1060 267 1138; x_wconf 84' lang='grc' dir='ltr'>λόγος</span> <span class='ocrx_word' id='word_1_85' title='bbox 291 1060 386 1134; x_wconf 80' lang='grc' dir='ltr'>αἱρέοι,</span> <span class='ocrx_word' id='word_1_86' title='bbox 412 1064 440 1116; x_wconf 85' lang='grc' dir='ltr'>έκ</span> <span class='ocrx_word' id='word_1_87' title='bbox 464 1062 514 1117; x_wconf 78' lang='grc' dir='ltr'>τοῦ</span> <span class='ocrx_word' id='word_1_88' title='bbox 538 1057 660 1136; x_wconf 80' lang='grc' dir='ltr'>ἅρματος</span> <span class='ocrx_word' id='word_1_89' title='bbox 685 1065 711 1122; x_wconf 81' lang='grc' dir='ltr'>ἐς</span> <span class='ocrx_word' id='word_1_90' title='bbox 735 1060 913 1137; x_wconf 74' lang='grc' dir='ltr'>ἆρμόμαξαν.</span> 
     </span>
     <span class='ocr_line' id='line_1_13' title="bbox 112 1145 917 1226; baseline 0.006 -21"><span class='ocrx_word' id='word_1_91' title='bbox 112 1145 196 1206; x_wconf 73' lang='grc' dir='ltr'>αὐτοῦ</span> <span class='ocrx_word' id='word_1_92' title='bbox 218 1147 247 1205; x_wconf 81' lang='grc' dir='ltr'>δὲ</span> <span class='ocrx_word' id='word_1_93' title='bbox 267 1146 384 1226; x_wconf 83' lang='grc' dir='ltr'>ὄπισθεν</span> <span class='ocrx_word' id='word_1_94' title='bbox 404 1145 583 1224; x_wconf 83' lang='grc' dir='ltr'>αἰχμοφόροι,</span> <span class='ocrx_word' id='word_1_95' title='bbox 599 1146 731 1223; x_wconf 89' lang='grc' dir='ltr'>Περσέων</span> <span class='ocrx_word' id='word_1_96' title='bbox 753 1151 779 1205; x_wconf 83' lang='grc' dir='ltr'>οἱ</span> <span class='ocrx_word' id='word_1_97' title='bbox 800 1148 917 1223; x_wconf 77' lang='grc' dir='ltr'>ἄριστοί</span> 
     </span>
     <span class='ocr_line' id='line_1_14' title="bbox 112 1233 914 1318; baseline 0.001 -24"><span class='ocrx_word' id='word_1_98' title='bbox 112 1261 142 1294; x_wconf 89' lang='grc' dir='ltr'>τε</span> <span class='ocrx_word' id='word_1_99' title='bbox 156 1237 202 1294; x_wconf 87' lang='grc' dir='ltr'>καὶ</span> <span class='ocrx_word' id='word_1_100' title='bbox 214 1233 411 1318; x_wconf 83' lang='grc' dir='ltr'>γενναιότατοι,</span> <span class='ocrx_word' id='word_1_101' title='bbox 425 1235 523 1314; x_wconf 85' lang='grc' dir='ltr'>χίλιοι,</span> <span class='ocrx_word' id='word_1_102' title='bbox 538 1233 609 1294; x_wconf 67' lang='grc' dir='ltr'>κατὰ</span> <span class='ocrx_word' id='word_1_103' title='bbox 630 1234 716 1312; x_wconf 91' lang='grc' dir='ltr'>νόμον</span> <span class='ocrx_word' id='word_1_104' title='bbox 737 1234 786 1297; x_wconf 85' lang='grc' dir='ltr'>τοὶς</span> <span class='ocrx_word' id='word_1_105' title='bbox 804 1236 914 1315; x_wconf 84' lang='grc' dir='ltr'>λόγχας</span> 
     </span>
     <span class='ocr_line' id='line_1_15' title="bbox 112 1323 912 1404; baseline 0.003 -21"><span class='ocrx_word' id='word_1_106' title='bbox 112 1326 230 1404; x_wconf 85' lang='grc' dir='ltr'>ἔχοντες·</span> <span class='ocrx_word' id='word_1_107' title='bbox 254 1323 325 1403; x_wconf 71' lang='grc' dir='ltr'>μετὰ</span> <span class='ocrx_word' id='word_1_108' title='bbox 349 1324 386 1394; x_wconf 75' lang='grc' dir='ltr'>δὲ,</span> <span class='ocrx_word' id='word_1_109' title='bbox 412 1325 495 1387; x_wconf 80' lang='grc' dir='ltr'>ἵππος</span> <span class='ocrx_word' id='word_1_110' title='bbox 519 1323 595 1399; x_wconf 83' lang='grc' dir='ltr'>ἅλλη</span> <span class='ocrx_word' id='word_1_111' title='bbox 620 1324 700 1403; x_wconf 85' lang='grc' dir='ltr'>χιλίη</span> <span class='ocrx_word' id='word_1_112' title='bbox 725 1329 754 1382; x_wconf 84' lang='grc' dir='ltr'>ἐκ</span> <span class='ocrx_word' id='word_1_113' title='bbox 778 1327 912 1399; x_wconf 89' lang='grc' dir='ltr'>Περσέων</span> 
     </span>
     <span class='ocr_line' id='line_1_16' title="bbox 112 1411 912 1497; baseline 0 -25"><span class='ocrx_word' id='word_1_114' title='bbox 112 1413 333 1497; x_wconf 77' lang='grc' dir='ltr'>ἀπολελεγμένη·</span> <span class='ocrx_word' id='word_1_115' title='bbox 354 1413 425 1490; x_wconf 75' lang='grc' dir='ltr'>μετὰ</span> <span class='ocrx_word' id='word_1_116' title='bbox 446 1413 475 1472; x_wconf 80' lang='grc' dir='ltr'>δὲ</span> <span class='ocrx_word' id='word_1_117' title='bbox 495 1411 548 1488; x_wconf 72' lang='grc' dir='ltr'>την</span> <span class='ocrx_word' id='word_1_118' title='bbox 570 1413 663 1481; x_wconf 83' lang='grc' dir='ltr'>ἵππον,</span> <span class='ocrx_word' id='word_1_119' title='bbox 678 1417 708 1470; x_wconf 83' lang='grc' dir='ltr'>ἐκ</span> <span class='ocrx_word' id='word_1_120' title='bbox 730 1415 784 1471; x_wconf 80' lang='grc' dir='ltr'>τῶν</span> <span class='ocrx_word' id='word_1_121' title='bbox 805 1416 912 1472; x_wconf 82' lang='grc' dir='ltr'>λοιπῶν</span> 
     </span>
     <span class='ocr_line' id='line_1_17' title="bbox 113 1498 911 1583; baseline 0 -23"><span class='ocrx_word' id='word_1_122' title='bbox 113 1504 246 1580; x_wconf 86' lang='grc' dir='ltr'>Περσέων</span> <span class='ocrx_word' id='word_1_123' title='bbox 270 1502 490 1583; x_wconf 78' lang='grc' dir='ltr'>ἀπολελεγμένοι</span> <span class='ocrx_word' id='word_1_124' title='bbox 513 1500 616 1579; x_wconf 76' lang='grc' dir='ltr'>μύριοι.</span> <span class='ocrx_word' id='word_1_125' title='bbox 660 1498 739 1564; x_wconf 77' lang='grc' dir='ltr'>οὗτος</span> <span class='ocrx_word' id='word_1_126' title='bbox 765 1499 846 1571; x_wconf 81' lang='grc' dir='ltr'>πεζός</span> <span class='ocrx_word' id='word_1_127' title='bbox 867 1501 911 1576; x_wconf 84' lang='grc' dir='ltr'>ἦν·</span> 
     </span>
    </p>

    <p class='ocr_par' dir='ltr' id='par_1_3' title="bbox 55 1586 912 2366">
     <span class='ocr_line' id='line_1_18' title="bbox 55 1586 912 1670; baseline 0.002 -23"><span class='ocrx_word' id='word_1_128' title='bbox 55 1586 56 1589; x_wconf 20' lang='lat'>¹</span> <span class='ocrx_word' id='word_1_129' title='bbox 114 1591 159 1648; x_wconf 83' lang='grc' dir='ltr'>καὶ</span> <span class='ocrx_word' id='word_1_130' title='bbox 181 1591 284 1652; x_wconf 79' lang='grc' dir='ltr'>τούτων</span> <span class='ocrx_word' id='word_1_131' title='bbox 304 1592 392 1670; x_wconf 90' lang='grc' dir='ltr'>χίλιοι</span> <span class='ocrx_word' id='word_1_132' title='bbox 413 1593 464 1668; x_wconf 79' lang='grc' dir='ltr'>μὲν</span> <span class='ocrx_word' id='word_1_133' title='bbox 486 1591 531 1648; x_wconf 87' lang='grc' dir='ltr'>ε’πὶ</span> <span class='ocrx_word' id='word_1_134' title='bbox 554 1595 631 1651; x_wconf 83' lang='grc' dir='ltr'>τοῖσι</span> <span class='ocrx_word' id='word_1_135' title='bbox 654 1587 754 1668; x_wconf 84' lang='grc' dir='ltr'>δόρασι</span> <span class='ocrx_word' id='word_1_136' title='bbox 776 1588 837 1648; x_wconf 74' lang='grc' dir='ltr'>ἀντὶ</span> <span class='ocrx_word' id='word_1_137' title='bbox 857 1594 912 1649; x_wconf 81' lang='grc' dir='ltr'>τῶν</span> 
     </span>
     <span class='ocr_line' id='line_1_19' title="bbox 113 1678 911 1757; baseline 0 -20"><span class='ocrx_word' id='word_1_138' title='bbox 113 1679 296 1756; x_wconf 82' lang='grc' dir='ltr'>σαυρωτήρων</span> <span class='ocrx_word' id='word_1_139' title='bbox 318 1679 395 1756; x_wconf 75' lang='grc' dir='ltr'>ῥοιὰς</span> <span class='ocrx_word' id='word_1_140' title='bbox 418 1678 495 1757; x_wconf 88' lang='grc' dir='ltr'>εἶχον</span> <span class='ocrx_word' id='word_1_141' title='bbox 520 1681 651 1757; x_wconf 84' lang='grc' dir='ltr'>χρυσέας,</span> <span class='ocrx_word' id='word_1_142' title='bbox 673 1678 719 1736; x_wconf 89' lang='grc' dir='ltr'>καὶ</span> <span class='ocrx_word' id='word_1_143' title='bbox 741 1679 821 1755; x_wconf 82' lang='grc' dir='ltr'>πέριξ</span> <span class='ocrx_word' id='word_1_144' title='bbox 847 1704 911 1737; x_wconf 86' lang='grc' dir='ltr'>συν·</span> 
     </span>
     <span class='ocr_line' id='line_1_20' title="bbox 113 1765 911 1846; baseline 0.003 -24"><span class='ocrx_word' id='word_1_145' title='bbox 113 1765 224 1841; x_wconf 86' lang='grc' dir='ltr'>εκλήϊον</span> <span class='ocrx_word' id='word_1_146' title='bbox 244 1766 307 1828; x_wconf 72' lang='grc' dir='ltr'>τούς</span> <span class='ocrx_word' id='word_1_147' title='bbox 321 1766 436 1830; x_wconf 82' lang='grc' dir='ltr'>ἅλλους·</span> <span class='ocrx_word' id='word_1_148' title='bbox 459 1768 485 1824; x_wconf 83' lang='grc' dir='ltr'>οἱ</span> <span class='ocrx_word' id='word_1_149' title='bbox 499 1767 528 1824; x_wconf 77' lang='grc' dir='ltr'>δὲ</span> <span class='ocrx_word' id='word_1_150' title='bbox 542 1767 737 1846; x_wconf 80' lang='grc' dir='ltr'>εἰνακισχίλιοι</span> <span class='ocrx_word' id='word_1_151' title='bbox 759 1766 834 1828; x_wconf 78' lang='grc' dir='ltr'>ἐντός</span> <span class='ocrx_word' id='word_1_152' title='bbox 850 1765 911 1825; x_wconf 82' lang='grc' dir='ltr'>τού-</span> 
     </span>
     <span class='ocr_line' id='line_1_21' title="bbox 112 1852 912 1934; baseline 0.006 -23"><span class='ocrx_word' id='word_1_153' title='bbox 112 1878 167 1911; x_wconf 90' lang='grc' dir='ltr'>των</span> <span class='ocrx_word' id='word_1_154' title='bbox 180 1852 269 1914; x_wconf 80' lang='grc' dir='ltr'>έόντες</span> <span class='ocrx_word' id='word_1_155' title='bbox 282 1852 416 1932; x_wconf 79' lang='grc' dir='ltr'>ἀργυρέας</span> <span class='ocrx_word' id='word_1_156' title='bbox 429 1853 506 1928; x_wconf 73' lang='grc' dir='ltr'>ῥοιὰς</span> <span class='ocrx_word' id='word_1_157' title='bbox 520 1854 604 1934; x_wconf 79' lang='grc' dir='ltr'>εἶχον.</span> <span class='ocrx_word' id='word_1_158' title='bbox 648 1853 735 1933; x_wconf 84' lang='grc' dir='ltr'>(εἶχον</span> <span class='ocrx_word' id='word_1_159' title='bbox 749 1854 778 1912; x_wconf 83' lang='grc' dir='ltr'>δὲ</span> <span class='ocrx_word' id='word_1_160' title='bbox 791 1855 912 1932; x_wconf 78' lang='grc' dir='ltr'>χρυσέας</span> 
     </span>
     <span class='ocr_line' id='line_1_22' title="bbox 112 1939 911 2020; baseline -0.001 -22"><span class='ocrx_word' id='word_1_161' title='bbox 112 1939 190 2016; x_wconf 81' lang='grc' dir='ltr'>ροιυῖς</span> <span class='ocrx_word' id='word_1_162' title='bbox 203 1940 249 1998; x_wconf 81' lang='grc' dir='ltr'>καὶ</span> <span class='ocrx_word' id='word_1_163' title='bbox 263 1941 289 1998; x_wconf 88' lang='grc' dir='ltr'>οί</span> <span class='ocrx_word' id='word_1_164' title='bbox 303 1944 340 2002; x_wconf 82' lang='grc' dir='ltr'>εἷς</span> <span class='ocrx_word' id='word_1_165' title='bbox 353 1939 404 2015; x_wconf 73' lang='grc' dir='ltr'>την</span> <span class='ocrx_word' id='word_1_166' title='bbox 421 1943 476 2020; x_wconf 78' lang='grc' dir='ltr'>γῆν</span> <span class='ocrx_word' id='word_1_167' title='bbox 496 1941 642 2017; x_wconf 86' lang='grc' dir='ltr'>τρέποντες</span> <span class='ocrx_word' id='word_1_168' title='bbox 662 1940 712 2002; x_wconf 76' lang='grc' dir='ltr'>τός</span> <span class='ocrx_word' id='word_1_169' title='bbox 732 1940 847 2018; x_wconf 87' lang='grc' dir='ltr'>λόγχας,</span> <span class='ocrx_word' id='word_1_170' title='bbox 867 1942 911 1999; x_wconf 83' lang='grc' dir='ltr'>καὶ</span> 
     </span>
     <span class='ocr_line' id='line_1_23' title="bbox 112 2025 911 2109; baseline -0.006 -21"><span class='ocrx_word' id='word_1_171' title='bbox 112 2032 191 2105; x_wconf 79' lang='grc' dir='ltr'>μῆλα</span> <span class='ocrx_word' id='word_1_172' title='bbox 211 2030 237 2088; x_wconf 83' lang='grc' dir='ltr'>οἱ</span> <span class='ocrx_word' id='word_1_173' title='bbox 250 2026 375 2109; x_wconf 76' lang='grc' dir='ltr'>ἄγχιστα</span> <span class='ocrx_word' id='word_1_174' title='bbox 393 2027 522 2102; x_wconf 80' lang='grc' dir='ltr'>ἑπόμενοι</span> <span class='ocrx_word' id='word_1_175' title='bbox 535 2028 646 2105; x_wconf 80' lang='grc' dir='ltr'>Ξέρξῃ.)</span> <span class='ocrx_word' id='word_1_176' title='bbox 687 2030 764 2083; x_wconf 83' lang='grc' dir='ltr'>τοῖσι</span> <span class='ocrx_word' id='word_1_177' title='bbox 784 2025 813 2081; x_wconf 86' lang='grc' dir='ltr'>δὲ</span> <span class='ocrx_word' id='word_1_178' title='bbox 833 2029 911 2101; x_wconf 85' lang='grc' dir='ltr'>μυρί-</span> 
     </span>
     <span class='ocr_line' id='line_1_24' title="bbox 114 2110 910 2189; baseline -0.013 -12"><span class='ocrx_word' id='word_1_179' title='bbox 114 2144 172 2177; x_wconf 91' lang='grc' dir='ltr'>οισι</span> <span class='ocrx_word' id='word_1_180' title='bbox 195 2118 359 2177; x_wconf 76' lang='grc' dir='ltr'>ἐπετέτακτο</span> <span class='ocrx_word' id='word_1_181' title='bbox 382 2117 466 2177; x_wconf 82' lang='grc' dir='ltr'>ἵππος</span> <span class='ocrx_word' id='word_1_182' title='bbox 490 2114 623 2189; x_wconf 91' lang='grc' dir='ltr'>Περσέων</span> <span class='ocrx_word' id='word_1_183' title='bbox 649 2111 743 2188; x_wconf 82' lang='grc' dir='ltr'>μυρίη.</span> <span class='ocrx_word' id='word_1_184' title='bbox 783 2110 854 2183; x_wconf 71' lang='grc' dir='ltr'>μετὰ</span> <span class='ocrx_word' id='word_1_185' title='bbox 882 2113 910 2167; x_wconf 86' lang='grc' dir='ltr'>δὲ</span> 
     </span>
     <span class='ocr_line' id='line_1_25' title="bbox 112 2196 909 2279; baseline -0.013 -15"><span class='ocrx_word' id='word_1_186' title='bbox 112 2206 163 2279; x_wconf 71' lang='grc' dir='ltr'>τήν</span> <span class='ocrx_word' id='word_1_187' title='bbox 183 2206 268 2263; x_wconf 83' lang='grc' dir='ltr'>ἵππον</span> <span class='ocrx_word' id='word_1_188' title='bbox 289 2203 409 2261; x_wconf 85' lang='grc' dir='ltr'>διέλειπε</span> <span class='ocrx_word' id='word_1_189' title='bbox 429 2199 540 2259; x_wconf 77' lang='grc' dir='ltr'>καὶδύο</span> <span class='ocrx_word' id='word_1_190' title='bbox 561 2198 699 2265; x_wconf 85' lang='grc' dir='ltr'>σταδίους,</span> <span class='ocrx_word' id='word_1_191' title='bbox 715 2196 760 2253; x_wconf 90' lang='grc' dir='ltr'>καὶ</span> <span class='ocrx_word' id='word_1_192' title='bbox 781 2196 874 2253; x_wconf 84' lang='grc' dir='ltr'>ἔπειτα</span> <span class='ocrx_word' id='word_1_193' title='bbox 895 2197 909 2254; x_wconf 79' lang='grc' dir='ltr'>ὁ</span> 
     </span>
     <span class='ocr_line' id='line_1_26' title="bbox 112 2287 523 2366; baseline -0.012 -18"><span class='ocrx_word' id='word_1_194' title='bbox 112 2291 211 2352; x_wconf 82' lang='grc' dir='ltr'>λοιπός</span> <span class='ocrx_word' id='word_1_195' title='bbox 231 2290 329 2366; x_wconf 84' lang='grc' dir='ltr'>ὅμιλος</span> <span class='ocrx_word' id='word_1_196' title='bbox 349 2287 392 2363; x_wconf 83' lang='grc' dir='ltr'>ἤϊε</span> <span class='ocrx_word' id='word_1_197' title='bbox 413 2287 523 2362; x_wconf 73' lang='grc' dir='ltr'>ἀναμίξ.</span> 
     </span>
    </p>

    <p class='ocr_par' dir='ltr' id='par_1_4' title="bbox 62 2368 970 3078">
     <span class='ocr_line' id='line_1_27' title="bbox 62 2368 910 2450; baseline -0.009 -13"><span class='ocrx_word' id='word_1_198' title='bbox 62 2380 102 2437; x_wconf 65' lang='grc'>442</span> <span class='ocrx_word' id='word_1_199' title='bbox 152 2377 292 2434; x_wconf 89' lang='grc' dir='ltr'>Ἐποιέετο</span> <span class='ocrx_word' id='word_1_200' title='bbox 314 2376 344 2434; x_wconf 81' lang='grc' dir='ltr'>δὲ</span> <span class='ocrx_word' id='word_1_201' title='bbox 365 2374 416 2450; x_wconf 77' lang='grc' dir='ltr'>την</span> <span class='ocrx_word' id='word_1_202' title='bbox 434 2372 498 2432; x_wconf 85' lang='grc' dir='ltr'>ὁδόν</span> <span class='ocrx_word' id='word_1_203' title='bbox 517 2377 546 2430; x_wconf 81' lang='grc' dir='ltr'>ἐκ</span> <span class='ocrx_word' id='word_1_204' title='bbox 564 2375 613 2447; x_wconf 80' lang='grc' dir='ltr'>τῆς</span> <span class='ocrx_word' id='word_1_205' title='bbox 633 2370 737 2446; x_wconf 83' lang='grc' dir='ltr'>Λυδίης</span> <span class='ocrx_word' id='word_1_206' title='bbox 758 2368 773 2431; x_wconf 84' lang='grc' dir='ltr'>ὁ</span> <span class='ocrx_word' id='word_1_207' title='bbox 791 2371 910 2447; x_wconf 85' lang='grc' dir='ltr'>στρατός</span> 
     </span>
     <span class='ocr_line' id='line_1_28' title="bbox 112 2459 910 2541; baseline -0.003 -19"><span class='ocrx_word' id='word_1_208' title='bbox 112 2465 160 2522; x_wconf 87' lang='grc' dir='ltr'>ε’πί</span> <span class='ocrx_word' id='word_1_209' title='bbox 175 2490 205 2522; x_wconf 91' lang='grc' dir='ltr'>τε</span> <span class='ocrx_word' id='word_1_210' title='bbox 223 2462 349 2539; x_wconf 83' lang='grc' dir='ltr'>ποταμόν</span> <span class='ocrx_word' id='word_1_211' title='bbox 371 2460 478 2521; x_wconf 84' lang='grc' dir='ltr'>Κάῖκον</span> <span class='ocrx_word' id='word_1_212' title='bbox 498 2460 544 2519; x_wconf 88' lang='grc' dir='ltr'>καὶ</span> <span class='ocrx_word' id='word_1_213' title='bbox 561 2463 616 2541; x_wconf 78' lang='grc' dir='ltr'>γῆν</span> <span class='ocrx_word' id='word_1_214' title='bbox 634 2459 687 2536; x_wconf 76' lang='grc' dir='ltr'>την</span> <span class='ocrx_word' id='word_1_215' title='bbox 708 2459 832 2535; x_wconf 87' lang='grc' dir='ltr'>Μυσίην·</span> <span class='ocrx_word' id='word_1_216' title='bbox 854 2459 910 2520; x_wconf 83' lang='grc' dir='ltr'>οἷπό</span> 
     </span>
     <span class='ocr_line' id='line_1_29' title="bbox 113 2547 911 2628; baseline -0.005 -18"><span class='ocrx_word' id='word_1_217' title='bbox 113 2552 142 2610; x_wconf 84' lang='grc' dir='ltr'>δὲ</span> <span class='ocrx_word' id='word_1_218' title='bbox 155 2552 262 2611; x_wconf 85' lang='grc' dir='ltr'>Καίκου</span> <span class='ocrx_word' id='word_1_219' title='bbox 278 2549 457 2628; x_wconf 76' lang='grc' dir='ltr'>ὁρμεοίμενος,</span> <span class='ocrx_word' id='word_1_220' title='bbox 472 2547 567 2625; x_wconf 80' lang='grc' dir='ltr'>Κάνης</span> <span class='ocrx_word' id='word_1_221' title='bbox 588 2547 652 2625; x_wconf 87' lang='grc' dir='ltr'>ὄρος</span> <span class='ocrx_word' id='word_1_222' title='bbox 665 2549 734 2628; x_wconf 78' lang='grc' dir='ltr'>ἔχων</span> <span class='ocrx_word' id='word_1_223' title='bbox 756 2553 784 2608; x_wconf 82' lang='grc' dir='ltr'>ἐν</span> <span class='ocrx_word' id='word_1_224' title='bbox 801 2547 911 2624; x_wconf 75' lang='grc' dir='ltr'>ἄριστε-</span> 
     </span>
     <span class='ocr_line' id='line_1_30' title="bbox 110 2636 911 2718; baseline -0.005 -20"><span class='ocrx_word' id='word_1_225' title='bbox 110 2644 155 2718; x_wconf 80' lang='grc' dir='ltr'>ρῇ,</span> <span class='ocrx_word' id='word_1_226' title='bbox 178 2639 223 2698; x_wconf 71' lang='grc' dir='ltr'>διὰ</span> <span class='ocrx_word' id='word_1_227' title='bbox 245 2643 294 2699; x_wconf 83' lang='grc' dir='ltr'>τοῦ</span> <span class='ocrx_word' id='word_1_228' title='bbox 314 2638 462 2716; x_wconf 88' lang='grc' dir='ltr'>Ἀταρνέος</span> <span class='ocrx_word' id='word_1_229' title='bbox 486 2641 513 2700; x_wconf 82' lang='grc' dir='ltr'>ἔς</span> <span class='ocrx_word' id='word_1_230' title='bbox 535 2638 660 2715; x_wconf 90' lang='grc' dir='ltr'>Καρίνην</span> <span class='ocrx_word' id='word_1_231' title='bbox 682 2637 775 2697; x_wconf 87' lang='grc' dir='ltr'>πόλιν·</span> <span class='ocrx_word' id='word_1_232' title='bbox 803 2636 859 2695; x_wconf 84' lang='grc' dir='ltr'>α’πό</span> <span class='ocrx_word' id='word_1_233' title='bbox 882 2637 911 2694; x_wconf 83' lang='grc' dir='ltr'>δὲ</span> 
     </span>
     <span class='ocr_line' id='line_1_31' title="bbox 111 2723 970 2805; baseline -0.005 -19"><span class='ocrx_word' id='word_1_234' title='bbox 111 2727 212 2805; x_wconf 66' lang='grc' dir='ltr'>ταύτης</span> <span class='ocrx_word' id='word_1_235' title='bbox 230 2726 275 2785; x_wconf 72' lang='grc' dir='ltr'>διὰ</span> <span class='ocrx_word' id='word_1_236' title='bbox 291 2727 390 2803; x_wconf 79' lang='grc' dir='ltr'>Θήβης</span> <span class='ocrx_word' id='word_1_237' title='bbox 408 2726 504 2786; x_wconf 86' lang='grc' dir='ltr'>πεδίου</span> <span class='ocrx_word' id='word_1_238' title='bbox 525 2725 679 2802; x_wconf 82' lang='grc' dir='ltr'>ἐπορεύετο,</span> <span class='ocrx_word' id='word_1_239' title='bbox 697 2723 911 2801; x_wconf 80' lang='grc' dir='ltr'>Ἀτραμόττειόν</span> <span class='ocrx_word' id='word_1_240' title='bbox 966 2766 970 2773; x_wconf 90' lang='grc'>-</span> 
     </span>
     <span class='ocr_line' id='line_1_32' title="bbox 110 2813 911 2894; baseline -0.011 -18"><span class='ocrx_word' id='word_1_241' title='bbox 110 2842 141 2876; x_wconf 92' lang='grc' dir='ltr'>τε</span> <span class='ocrx_word' id='word_1_242' title='bbox 161 2814 246 2876; x_wconf 86' lang='grc' dir='ltr'>πόλιν</span> <span class='ocrx_word' id='word_1_243' title='bbox 266 2816 312 2874; x_wconf 87' lang='grc' dir='ltr'>καὶ</span> <span class='ocrx_word' id='word_1_244' title='bbox 324 2813 494 2892; x_wconf 76' lang='grc' dir='ltr'>’Ἄντανδρον</span> <span class='ocrx_word' id='word_1_245' title='bbox 515 2814 567 2891; x_wconf 78' lang='grc' dir='ltr'>την</span> <span class='ocrx_word' id='word_1_246' title='bbox 589 2813 757 2894; x_wconf 83' lang='grc' dir='ltr'>Πελασγίδα</span> <span class='ocrx_word' id='word_1_247' title='bbox 778 2834 911 2887; x_wconf 91' lang='grc' dir='ltr'>παραμει-</span> 
     </span>
     <span class='ocr_line' id='line_1_33' title="bbox 112 2896 912 2982; baseline -0.009 -18"><span class='ocrx_word' id='word_1_248' title='bbox 112 2903 244 2982; x_wconf 84' lang='grc' dir='ltr'>βόμενος·</span> <span class='ocrx_word' id='word_1_249' title='bbox 264 2903 316 2982; x_wconf 72' lang='grc' dir='ltr'>τὴν</span> <span class='ocrx_word' id='word_1_250' title='bbox 324 2903 402 2981; x_wconf 85' lang='grc' dir='ltr'>Ἴδην</span> <span class='ocrx_word' id='word_1_251' title='bbox 415 2902 445 2963; x_wconf 70' lang='grc' dir='ltr'>δὲ</span> <span class='ocrx_word' id='word_1_252' title='bbox 457 2903 557 2979; x_wconf 74' lang='grc' dir='ltr'>λαβὼν</span> <span class='ocrx_word' id='word_1_253' title='bbox 574 2906 601 2965; x_wconf 86' lang='grc' dir='ltr'>ε’ς</span> <span class='ocrx_word' id='word_1_254' title='bbox 615 2899 764 2978; x_wconf 69' lang='grc' dir='ltr'>ἀριστερὴν</span> <span class='ocrx_word' id='word_1_255' title='bbox 778 2898 855 2976; x_wconf 88' lang='grc' dir='ltr'>χέρα,</span> <span class='ocrx_word' id='word_1_256' title='bbox 869 2896 912 2973; x_wconf 85' lang='grc' dir='ltr'>ἤϊε</span> 
     </span>
     <span class='ocr_line' id='line_1_34' title="bbox 102 2983 912 3078; baseline -0.015 -23"><span class='ocrx_word' id='word_1_257' title='bbox 102 2996 135 3056; x_wconf 68' lang='grc' dir='ltr'>ές</span> <span class='ocrx_word' id='word_1_258' title='bbox 146 2993 201 3072; x_wconf 67' lang='grc' dir='ltr'>την</span> <span class='ocrx_word' id='word_1_259' title='bbox 217 2992 324 3056; x_wconf 75' lang='grc' dir='ltr'>Ἰλιάδα</span> <span class='ocrx_word' id='word_1_260' title='bbox 344 2995 409 3078; x_wconf 79' lang='grc' dir='ltr'>γῆν.</span> <span class='ocrx_word' id='word_1_261' title='bbox 451 2992 497 3051; x_wconf 87' lang='grc' dir='ltr'>καὶ</span> <span class='ocrx_word' id='word_1_262' title='bbox 512 2993 608 3070; x_wconf 78' lang='grc' dir='ltr'>πρῶτα</span> <span class='ocrx_word' id='word_1_263' title='bbox 622 2989 673 3066; x_wconf 87' lang='grc' dir='ltr'>μέν</span> <span class='ocrx_word' id='word_1_264' title='bbox 687 2991 714 3048; x_wconf 81' lang='grc' dir='ltr'>οἱ</span> <span class='ocrx_word' id='word_1_265' title='bbox 727 2984 782 3046; x_wconf 74' lang='grc' dir='ltr'>ὑπό</span> <span class='ocrx_word' id='word_1_266' title='bbox 799 3011 834 3064; x_wconf 83' lang='grc' dir='ltr'>τη</span> <span class='ocrx_word' id='word_1_267' title='bbox 850 2983 912 3062; x_wconf 80' lang='grc' dir='ltr'>Ἴδῃ</span> 
     </span>
    </p>

    <p class='ocr_par' dir='ltr' id='par_1_5' title="bbox 70 3078 938 3261">
     <span class='ocr_line' id='line_1_35' title="bbox 85 3078 919 3167; baseline -0.013 -28"><span class='ocrx_word' id='word_1_268' title='bbox 85 3079 179 3143; x_wconf 76' lang='grc' dir='ltr'>νιίκτα</span> <span class='ocrx_word' id='word_1_269' title='bbox 197 3083 399 3166; x_wconf 70' lang='grc' dir='ltr'>εἰναμεινοντι</span> <span class='ocrx_word' id='word_1_270' title='bbox 404 3082 530 3167; x_wconf 86' lang='grc' dir='ltr'>βρονταί</span> <span class='ocrx_word' id='word_1_271' title='bbox 546 3107 579 3145; x_wconf 88' lang='grc' dir='ltr'>τε</span> <span class='ocrx_word' id='word_1_272' title='bbox 596 3078 645 3141; x_wconf 69' lang='grc' dir='ltr'>καὶ</span> <span class='ocrx_word' id='word_1_273' title='bbox 655 3078 817 3157; x_wconf 76' lang='grc' dir='ltr'>πρηστῆρες</span> <span class='ocrx_word' id='word_1_274' title='bbox 828 3079 919 3131; x_wconf 82' lang='grc' dir='ltr'>ἐπεισ-</span> 
     </span>
     <span class='ocr_line' id='line_1_36' title="bbox 70 3157 938 3261; baseline -0.005 -23"><span class='ocrx_word' id='word_1_275' title='bbox 70 3168 233 3250; x_wconf 64' lang='lat' dir='ltr'>m&#39;ffrovm,</span> <span class='ocrx_word' id='word_1_276' title='bbox 265 3180 323 3243; x_wconf 89' lang='grc' dir='ltr'>καί</span> <span class='ocrx_word' id='word_1_277' title='bbox 357 3205 426 3245; x_wconf 91' lang='grc' dir='ltr'>τινα</span> <span class='ocrx_word' id='word_1_278' title='bbox 458 3175 549 3241; x_wconf 73' lang='grc' dir='ltr'>αὐτοῦ</span> <span class='ocrx_word' id='word_1_279' title='bbox 579 3169 673 3250; x_wconf 79' lang='grc' dir='ltr'>ταίιτη</span> <span class='ocrx_word' id='word_1_280' title='bbox 702 3160 811 3244; x_wconf 46' lang='lat' dir='ltr'>ww&amp;</span> <span class='ocrx_word' id='word_1_281' title='bbox 836 3157 938 3261; x_wconf 46' lang='grc' dir='ltr'>ἷὶξῑδῦῗ</span> 
     </span>
    </p>

    <p class='ocr_par' dir='ltr' id='par_1_6' title="bbox 56 3248 959 3354">
     <span class='ocr_line' id='line_1_37' title="bbox 56 3248 959 3354; baseline -0.011 -10"><span class='ocrx_word' id='word_1_282' title='bbox 56 3248 256 3344; x_wconf 57' lang='lat' dir='ltr'><em>&amp;ewam</em></span> <span class='ocrx_word' id='word_1_283' title='bbox 309 3272 523 3354; x_wconf 83' lang='grc' dir='ltr'>Ἀπικομένου</span> <span class='ocrx_word' id='word_1_284' title='bbox 550 3267 586 3330; x_wconf 74' lang='grc' dir='ltr'>δέ</span> <span class='ocrx_word' id='word_1_285' title='bbox 605 3263 663 3327; x_wconf 59' lang='grc' dir='ltr'>τοῦ</span> <span class='ocrx_word' id='word_1_286' title='bbox 685 3251 818 3334; x_wconf 41' lang='lat' dir='ltr'>mm&amp;</span> <span class='ocrx_word' id='word_1_287' title='bbox 843 3249 892 3301; x_wconf 35' lang='lat' dir='ltr'>&#39;m</span> <span class='ocrx_word' id='word_1_288' title='bbox 909 3261 959 3294; x_wconf 56' lang='lat' dir='ltr'><em>W</em></span> 
     </span>
    </p>
   </div>
   <div class='ocr_carea' id='block_1_2' title="bbox 0 0 1016 3450">
    <p class='ocr_par' dir='ltr' id='par_1_7' title="bbox 0 0 1016 3450">
     <span class='ocr_line' id='line_1_38' title="bbox 0 0 1016 3450; baseline 0 1"><span class='ocrx_word' id='word_1_289' title='bbox 0 0 1016 3450; x_wconf 95' lang='lat' dir='ltr'> </span> 
     </span>
    </p>
   </div>
   <div class='ocr_carea' id='block_1_3' title="bbox 1 3364 7 3413">
    <p class='ocr_par' dir='ltr' id='par_1_8' title="bbox 1 3364 7 3413">
     <span class='ocr_line' id='line_1_39' title="bbox 1 3364 7 3413; baseline 0 0"><span class='ocrx_word' id='word_1_290' title='bbox 1 3364 7 3413; x_wconf 74' lang='grc' dir='ltr'>ἱ</span> 
     </span>
    </p>
   </div>
  </div>
 </body>
</html>
