<?xml version="1.0" encoding="UTF-8"?>
<!DOCTYPE html PUBLIC "-//W3C//DTD XHTML 1.0 Transitional//EN"
    "http://www.w3.org/TR/xhtml1/DTD/xhtml1-transitional.dtd">
<html xmlns="http://www.w3.org/1999/xhtml" xml:lang="en" lang="en">
 <head>
  <title>
</title>
<meta http-equiv="Content-Type" content="text/html;charset=utf-8" />
  <meta name='ocr-system' content='tesseract 3.04.00' />
  <meta name='ocr-capabilities' content='ocr_page ocr_carea ocr_par ocr_line ocrx_word'/>
</head>
<body>
  <div class='ocr_page' id='page_1' title='image "./recensuitjoseph01herogoog/recensuitjoseph01herogoog_0179.png"; bbox 0 0 2024 3450; ppageno 0'>
   <div class='ocr_carea' id='block_1_1' title="bbox 79 89 1006 3338">
    <p class='ocr_par' dir='ltr' id='par_1_1' title="bbox 79 89 1006 3338">
     <span class='ocr_line' id='line_1_1' title="bbox 146 89 949 162; baseline 0.004 -20"><span class='ocrx_word' id='word_1_1' title='bbox 146 91 193 146; x_wconf 75' lang='grc'>172</span> <span class='ocrx_word' id='word_1_2' title='bbox 290 157 297 162; x_wconf 81' lang='lat'>..</span> <span class='ocrx_word' id='word_1_3' title='bbox 444 89 626 139; x_wconf 68' lang='lat' dir='ltr'><strong>‘HPOAOTOT</strong></span> <span class='ocrx_word' id='word_1_4' title='bbox 869 92 949 158; x_wconf 88' lang='lat' dir='ltr'><strong>[VII.</strong></span> 
     </span>
     <span class='ocr_line' id='line_1_2' title="bbox 150 167 952 249; baseline 0.005 -21"><span class='ocrx_word' id='word_1_5' title='bbox 150 172 311 249; x_wconf 79' lang='grc' dir='ltr'>λεγομένης,</span> <span class='ocrx_word' id='word_1_6' title='bbox 331 170 376 228; x_wconf 86' lang='grc' dir='ltr'>καὶ</span> <span class='ocrx_word' id='word_1_7' title='bbox 397 167 524 249; x_wconf 88' lang='grc' dir='ltr'>κήρυγμα</span> <span class='ocrx_word' id='word_1_8' title='bbox 545 167 652 228; x_wconf 89' lang='grc' dir='ltr'>τοιόνδε</span> <span class='ocrx_word' id='word_1_9' title='bbox 672 171 847 247; x_wconf 79' lang='grc' dir='ltr'>ποιευμένων,</span> <span class='ocrx_word' id='word_1_10' title='bbox 865 173 891 229; x_wconf 87' lang='grc' dir='ltr'>εἶ</span> <span class='ocrx_word' id='word_1_11' title='bbox 909 199 952 237; x_wconf 87' lang='grc' dir='ltr'>τις</span> 
     </span>
     <span class='ocr_line' id='line_1_3' title="bbox 148 255 952 334; baseline -0.001 -18"><span class='ocrx_word' id='word_1_12' title='bbox 148 257 286 333; x_wconf 88' lang='grc' dir='ltr'>βούλοιτο</span> <span class='ocrx_word' id='word_1_13' title='bbox 302 255 526 332; x_wconf 79' lang='grc' dir='ltr'>Λακεδαιμονίων</span> <span class='ocrx_word' id='word_1_14' title='bbox 541 255 597 332; x_wconf 79' lang='grc' dir='ltr'>πρό</span> <span class='ocrx_word' id='word_1_15' title='bbox 613 259 663 331; x_wconf 79' lang='grc' dir='ltr'>τῆς</span> <span class='ocrx_word' id='word_1_16' title='bbox 680 256 810 331; x_wconf 77' lang='grc' dir='ltr'>Σπάρτης</span> <span class='ocrx_word' id='word_1_17' title='bbox 829 256 952 334; x_wconf 87' lang='grc' dir='ltr'>ἀποθνή-</span> 
     </span>
     <span class='ocr_line' id='line_1_4' title="bbox 151 341 952 421; baseline 0.004 -20"><span class='ocrx_word' id='word_1_18' title='bbox 151 369 237 413; x_wconf 88' lang='grc' dir='ltr'>σκειν,</span> <span class='ocrx_word' id='word_1_19' title='bbox 242 342 380 421; x_wconf 87' lang='grc' dir='ltr'>Σπερθίης</span> <span class='ocrx_word' id='word_1_20' title='bbox 387 369 418 402; x_wconf 91' lang='grc' dir='ltr'>τε</span> <span class='ocrx_word' id='word_1_21' title='bbox 427 342 443 402; x_wconf 86' lang='grc' dir='ltr'>ό</span> <span class='ocrx_word' id='word_1_22' title='bbox 451 341 619 420; x_wconf 84' lang='grc' dir='ltr'>Ἀνηρίστου</span> <span class='ocrx_word' id='word_1_23' title='bbox 629 343 675 400; x_wconf 82' lang='grc' dir='ltr'>καὶ</span> <span class='ocrx_word' id='word_1_24' title='bbox 684 343 804 404; x_wconf 86' lang='grc' dir='ltr'>Βοῦλιςό</span> <span class='ocrx_word' id='word_1_25' title='bbox 814 343 952 416; x_wconf 84' lang='grc' dir='ltr'>Νικόλεω,</span> 
     </span>
     <span class='ocr_line' id='line_1_5' title="bbox 151 428 951 511; baseline 0.001 -23"><span class='ocrx_word' id='word_1_26' title='bbox 151 429 246 507; x_wconf 76' lang='grc' dir='ltr'>ἄνδρες</span> <span class='ocrx_word' id='word_1_27' title='bbox 266 433 447 509; x_wconf 76' lang='grc' dir='ltr'>Σπαρτιῆται,</span> <span class='ocrx_word' id='word_1_28' title='bbox 466 431 552 507; x_wconf 86' lang='grc' dir='ltr'>φύσει</span> <span class='ocrx_word' id='word_1_29' title='bbox 568 457 598 489; x_wconf 90' lang='grc' dir='ltr'>τε</span> <span class='ocrx_word' id='word_1_30' title='bbox 614 428 759 511; x_wconf 78' lang='grc' dir='ltr'>γεγονότες</span> <span class='ocrx_word' id='word_1_31' title='bbox 777 430 806 489; x_wconf 81' lang='grc' dir='ltr'>εὖ</span> <span class='ocrx_word' id='word_1_32' title='bbox 825 431 870 489; x_wconf 85' lang='grc' dir='ltr'>καὶ</span> <span class='ocrx_word' id='word_1_33' title='bbox 883 434 951 511; x_wconf 78' lang='grc' dir='ltr'>χρήὲ</span> 
     </span>
     <span class='ocr_line' id='line_1_6' title="bbox 152 517 953 595; baseline 0.004 -18"><span class='ocrx_word' id='word_1_34' title='bbox 152 544 225 595; x_wconf 88' lang='grc' dir='ltr'>μασι</span> <span class='ocrx_word' id='word_1_35' title='bbox 240 519 388 594; x_wconf 78' lang='grc' dir='ltr'>ἀνήκοντες</span> <span class='ocrx_word' id='word_1_36' title='bbox 409 523 436 581; x_wconf 81' lang='grc' dir='ltr'>ἔς</span> <span class='ocrx_word' id='word_1_37' title='bbox 456 518 493 578; x_wconf 81' lang='grc' dir='ltr'>τά</span> <span class='ocrx_word' id='word_1_38' title='bbox 515 521 620 593; x_wconf 81' lang='grc' dir='ltr'>πρῶτα,</span> <span class='ocrx_word' id='word_1_39' title='bbox 645 518 788 578; x_wconf 86' lang='grc' dir='ltr'>ἐθελονταὶ</span> <span class='ocrx_word' id='word_1_40' title='bbox 810 517 953 581; x_wconf 74' lang='grc' dir='ltr'>ἀπέδυσαν</span> 
     </span>
     <span class='ocr_line' id='line_1_7' title="bbox 150 605 954 685; baseline 0.007 -21"><span class='ocrx_word' id='word_1_41' title='bbox 150 605 250 682; x_wconf 83' lang='grc' dir='ltr'>ποινήν</span> <span class='ocrx_word' id='word_1_42' title='bbox 273 610 352 666; x_wconf 85' lang='grc' dir='ltr'>τῖσαι</span> <span class='ocrx_word' id='word_1_43' title='bbox 373 605 464 685; x_wconf 72' lang='grc' dir='ltr'>Ξέρξη</span> <span class='ocrx_word' id='word_1_44' title='bbox 485 609 540 666; x_wconf 81' lang='grc' dir='ltr'>τῶν</span> <span class='ocrx_word' id='word_1_45' title='bbox 562 605 682 682; x_wconf 85' lang='grc' dir='ltr'>Δαρείου</span> <span class='ocrx_word' id='word_1_46' title='bbox 704 605 827 682; x_wconf 77' lang='grc' dir='ltr'>κηρύκων</span> <span class='ocrx_word' id='word_1_47' title='bbox 847 609 902 666; x_wconf 82' lang='grc' dir='ltr'>τῶν</span> <span class='ocrx_word' id='word_1_48' title='bbox 922 614 954 670; x_wconf 80' lang='grc' dir='ltr'>ἐν</span> 
     </span>
     <span class='ocr_line' id='line_1_8' title="bbox 79 691 953 778; baseline 0.003 -27"><span class='ocrx_word' id='word_1_49' title='bbox 79 747 81 751; x_wconf 90' lang='grc'><em>.</em></span> <span class='ocrx_word' id='word_1_50' title='bbox 152 692 266 772; x_wconf 82' lang='grc' dir='ltr'>Σπάρτη</span> <span class='ocrx_word' id='word_1_51' title='bbox 287 694 477 769; x_wconf 78' lang='grc' dir='ltr'>ἀπολομένων·</span> <span class='ocrx_word' id='word_1_52' title='bbox 505 691 575 752; x_wconf 76' lang='grc' dir='ltr'>οὕτω</span> <span class='ocrx_word' id='word_1_53' title='bbox 596 694 769 769; x_wconf 75' lang='grc' dir='ltr'>Σπαρτιῆται</span> <span class='ocrx_word' id='word_1_54' title='bbox 785 692 898 756; x_wconf 81' lang='grc' dir='ltr'>τούτους</span> <span class='ocrx_word' id='word_1_55' title='bbox 916 696 953 778; x_wconf 80' lang='grc' dir='ltr'>ὦς</span> 
     </span>
     <span class='ocr_line' id='line_1_9' title="bbox 105 778 953 859; baseline 0.002 -20"><span class='ocrx_word' id='word_1_56' title='bbox 105 782 162 839; x_wconf 87' lang='grc'>135</span> <span class='ocrx_word' id='word_1_57' title='bbox 172 780 409 858; x_wconf 89' lang='grc' dir='ltr'>ἀποθανευμένους</span> <span class='ocrx_word' id='word_1_58' title='bbox 426 785 454 843; x_wconf 81' lang='grc' dir='ltr'>ἐς</span> <span class='ocrx_word' id='word_1_59' title='bbox 472 779 587 855; x_wconf 78' lang='grc' dir='ltr'>Μήδους</span> <span class='ocrx_word' id='word_1_60' title='bbox 599 779 777 858; x_wconf 85' lang='grc' dir='ltr'>ἀπέπεμψαν.</span> <span class='ocrx_word' id='word_1_61' title='bbox 804 778 882 856; x_wconf 78' lang='grc' dir='ltr'>Αὕτη</span> <span class='ocrx_word' id='word_1_62' title='bbox 892 808 922 841; x_wconf 90' lang='grc' dir='ltr'>τε</span> <span class='ocrx_word' id='word_1_63' title='bbox 934 789 953 859; x_wconf 73' lang='grc' dir='ltr'><em>ἡ</em></span> 
     </span>
     <span class='ocr_line' id='line_1_10' title="bbox 150 865 1006 945; baseline 0.005 -17"><span class='ocrx_word' id='word_1_64' title='bbox 150 867 244 944; x_wconf 82' lang='grc' dir='ltr'>τόλμα</span> <span class='ocrx_word' id='word_1_65' title='bbox 259 867 363 928; x_wconf 90' lang='grc' dir='ltr'>τούτων</span> <span class='ocrx_word' id='word_1_66' title='bbox 378 871 432 927; x_wconf 78' lang='grc' dir='ltr'>τῶν</span> <span class='ocrx_word' id='word_1_67' title='bbox 449 865 555 945; x_wconf 79' lang='grc' dir='ltr'>ἀνδρῶν</span> <span class='ocrx_word' id='word_1_68' title='bbox 574 866 701 944; x_wconf 78' lang='grc' dir='ltr'>θύματος</span> <span class='ocrx_word' id='word_1_69' title='bbox 721 866 795 944; x_wconf 78' lang='grc' dir='ltr'>ἀξίη,</span> <span class='ocrx_word' id='word_1_70' title='bbox 821 869 865 926; x_wconf 85' lang='grc' dir='ltr'>καὶ</span> <span class='ocrx_word' id='word_1_71' title='bbox 886 870 952 932; x_wconf 89' lang='grc' dir='ltr'>τόδε</span> <span class='ocrx_word' id='word_1_72' title='bbox 1005 878 1006 881; x_wconf 39' lang='grc'><strong>“</strong></span> 
     </span>
     <span class='ocr_line' id='line_1_11' title="bbox 150 954 951 1037; baseline 0.005 -24"><span class='ocrx_word' id='word_1_73' title='bbox 150 956 221 1031; x_wconf 78' lang='grc' dir='ltr'>πρός</span> <span class='ocrx_word' id='word_1_74' title='bbox 237 955 363 1015; x_wconf 89' lang='grc' dir='ltr'>τούτοισι</span> <span class='ocrx_word' id='word_1_75' title='bbox 381 954 417 1013; x_wconf 88' lang='grc' dir='ltr'>τά</span> <span class='ocrx_word' id='word_1_76' title='bbox 437 955 512 1013; x_wconf 82' lang='grc' dir='ltr'>ἔπεα·</span> <span class='ocrx_word' id='word_1_77' title='bbox 533 954 714 1032; x_wconf 89' lang='grc' dir='ltr'>πορευόμενοι</span> <span class='ocrx_word' id='word_1_78' title='bbox 731 955 785 1037; x_wconf 82' lang='grc' dir='ltr'>γ’ἀρ</span> <span class='ocrx_word' id='word_1_79' title='bbox 803 961 831 1020; x_wconf 83' lang='grc' dir='ltr'>ἐς</span> <span class='ocrx_word' id='word_1_80' title='bbox 845 959 951 1029; x_wconf 87' lang='grc' dir='ltr'>Σοῦσα,</span> 
     </span>
     <span class='ocr_line' id='line_1_12' title="bbox 151 1041 952 1122; baseline 0.004 -22"><span class='ocrx_word' id='word_1_81' title='bbox 151 1041 327 1102; x_wconf 77' lang='grc' dir='ltr'>ἀπικνέονται</span> <span class='ocrx_word' id='word_1_82' title='bbox 349 1041 426 1118; x_wconf 87' lang='grc' dir='ltr'>παρά</span> <span class='ocrx_word' id='word_1_83' title='bbox 444 1041 587 1118; x_wconf 80' lang='grc' dir='ltr'>Ὑδάρνεα·</span> <span class='ocrx_word' id='word_1_84' title='bbox 609 1042 625 1102; x_wconf 84' lang='grc' dir='ltr'>ό</span> <span class='ocrx_word' id='word_1_85' title='bbox 648 1044 678 1102; x_wconf 84' lang='grc' dir='ltr'>δὲ</span> <span class='ocrx_word' id='word_1_86' title='bbox 692 1042 827 1120; x_wconf 83' lang='grc' dir='ltr'>Ὑδοίρνης</span> <span class='ocrx_word' id='word_1_87' title='bbox 844 1042 880 1118; x_wconf 85' lang='grc' dir='ltr'>ἦν</span> <span class='ocrx_word' id='word_1_88' title='bbox 900 1049 952 1122; x_wconf 83' lang='grc' dir='ltr'>μὲν</span> 
     </span>
     <span class='ocr_line' id='line_1_13' title="bbox 150 1130 952 1210; baseline 0.007 -22"><span class='ocrx_word' id='word_1_89' title='bbox 150 1130 231 1210; x_wconf 85' lang='grc' dir='ltr'>γένος</span> <span class='ocrx_word' id='word_1_90' title='bbox 251 1130 374 1206; x_wconf 85' lang='grc' dir='ltr'>Πέρσης,</span> <span class='ocrx_word' id='word_1_91' title='bbox 396 1130 553 1209; x_wconf 74' lang='grc' dir='ltr'>στρατηγός</span> <span class='ocrx_word' id='word_1_92' title='bbox 577 1131 607 1188; x_wconf 81' lang='grc' dir='ltr'>δὲ</span> <span class='ocrx_word' id='word_1_93' title='bbox 630 1133 685 1190; x_wconf 77' lang='grc' dir='ltr'>τῶν</span> <span class='ocrx_word' id='word_1_94' title='bbox 708 1133 952 1208; x_wconf 82' lang='grc' dir='ltr'>παραθαλασσίων</span> 
     </span>
     <span class='ocr_line' id='line_1_14' title="bbox 150 1217 952 1299; baseline 0.004 -23"><span class='ocrx_word' id='word_1_95' title='bbox 150 1217 301 1295; x_wconf 68' lang='grc' dir='ltr'>’ἀνθρώπων</span> <span class='ocrx_word' id='word_1_96' title='bbox 320 1221 376 1278; x_wconf 81' lang='grc' dir='ltr'>τῶν</span> <span class='ocrx_word' id='word_1_97' title='bbox 392 1222 421 1277; x_wconf 82' lang='grc' dir='ltr'>έν</span> <span class='ocrx_word' id='word_1_98' title='bbox 436 1222 471 1297; x_wconf 79' lang='grc' dir='ltr'>τῇ</span> <span class='ocrx_word' id='word_1_99' title='bbox 486 1217 580 1298; x_wconf 82' lang='grc' dir='ltr'>Ἀσίη·</span> <span class='ocrx_word' id='word_1_100' title='bbox 609 1218 640 1281; x_wconf 83' lang='grc' dir='ltr'>ὅς</span> <span class='ocrx_word' id='word_1_101' title='bbox 655 1224 755 1295; x_wconf 90' lang='grc' dir='ltr'>σφεας,</span> <span class='ocrx_word' id='word_1_102' title='bbox 778 1221 862 1290; x_wconf 80' lang='grc' dir='ltr'>ξείνια</span> <span class='ocrx_word' id='word_1_103' title='bbox 884 1249 952 1299; x_wconf 92' lang='grc' dir='ltr'>προ-</span> 
     </span>
     <span class='ocr_line' id='line_1_15' title="bbox 152 1305 950 1389; baseline 0.003 -23"><span class='ocrx_word' id='word_1_104' title='bbox 152 1306 273 1383; x_wconf 86' lang='grc' dir='ltr'>θέμενος,</span> <span class='ocrx_word' id='word_1_105' title='bbox 302 1306 401 1366; x_wconf 81' lang='grc' dir='ltr'>εἱστία·</span> <span class='ocrx_word' id='word_1_106' title='bbox 436 1306 556 1389; x_wconf 81' lang='grc' dir='ltr'>ξεινίζων</span> <span class='ocrx_word' id='word_1_107' title='bbox 579 1305 616 1375; x_wconf 81' lang='grc' dir='ltr'>δὲ,</span> <span class='ocrx_word' id='word_1_108' title='bbox 645 1308 733 1383; x_wconf 82' lang='grc' dir='ltr'>εἴρετο</span> <span class='ocrx_word' id='word_1_109' title='bbox 760 1308 950 1389; x_wconf 82' lang='grc' dir='ltr'>λέγων-τόδε·</span> 
     </span>
     <span class='ocr_line' id='line_1_16' title="bbox 151 1393 952 1477; baseline 0.005 -24"><span class='ocrx_word' id='word_1_110' title='bbox 151 1405 169 1430; x_wconf 86' lang='grc'>“</span> <span class='ocrx_word' id='word_1_111' title='bbox 178 1393 273 1473; x_wconf 83' lang='grc' dir='ltr'>ἀνδρες</span> <span class='ocrx_word' id='word_1_112' title='bbox 286 1393 509 1472; x_wconf 89' lang='grc' dir='ltr'>Λακεδαιμόνιοι,</span> <span class='ocrx_word' id='word_1_113' title='bbox 521 1394 552 1454; x_wconf 90' lang='grc' dir='ltr'>τί</span> <span class='ocrx_word' id='word_1_114' title='bbox 562 1393 596 1470; x_wconf 80' lang='grc' dir='ltr'>δή</span> <span class='ocrx_word' id='word_1_115' title='bbox 611 1396 729 1477; x_wconf 83' lang='grc' dir='ltr'>φεύγετε</span> <span class='ocrx_word' id='word_1_116' title='bbox 739 1397 860 1472; x_wconf 84' lang='grc' dir='ltr'>βασιλέϊ</span> <span class='ocrx_word' id='word_1_117' title='bbox 869 1398 952 1472; x_wconf 88' lang='grc' dir='ltr'>φίλοι</span> 
     </span>
     <span class='ocr_line' id='line_1_17' title="bbox 151 1482 952 1563; baseline 0.002 -21"><span class='ocrx_word' id='word_1_118' title='bbox 151 1484 296 1562; x_wconf 87' lang='grc' dir='ltr'>γενέσθαι;</span> <span class='ocrx_word' id='word_1_119' title='bbox 319 1483 401 1561; x_wconf 81' lang='grc' dir='ltr'>ὁρᾶτε</span> <span class='ocrx_word' id='word_1_120' title='bbox 414 1482 468 1563; x_wconf 87' lang='grc' dir='ltr'>γάρ</span> <span class='ocrx_word' id='word_1_121' title='bbox 483 1482 518 1546; x_wconf 73' lang='grc' dir='ltr'>οἷς</span> <span class='ocrx_word' id='word_1_122' title='bbox 532 1484 678 1543; x_wconf 89' lang='grc' dir='ltr'>ε’πίσταται</span> <span class='ocrx_word' id='word_1_123' title='bbox 695 1483 834 1559; x_wconf 80' lang='grc' dir='ltr'>βασιλεύς</span> <span class='ocrx_word' id='word_1_124' title='bbox 851 1483 952 1562; x_wconf 76' lang='grc' dir='ltr'>ἄνδρας</span> 
     </span>
     <span class='ocr_line' id='line_1_18' title="bbox 152 1569 952 1652; baseline 0.005 -24"><span class='ocrx_word' id='word_1_125' title='bbox 152 1569 274 1651; x_wconf 76' lang='grc' dir='ltr'>ἀγαθούς</span> <span class='ocrx_word' id='word_1_126' title='bbox 287 1577 378 1650; x_wconf 81' lang='grc' dir='ltr'>τιμᾶν,</span> <span class='ocrx_word' id='word_1_127' title='bbox 394 1577 421 1635; x_wconf 83' lang='grc' dir='ltr'>ἔς</span> <span class='ocrx_word' id='word_1_128' title='bbox 434 1572 484 1648; x_wconf 85' lang='grc' dir='ltr'>ε’μέ</span> <span class='ocrx_word' id='word_1_129' title='bbox 495 1598 526 1631; x_wconf 90' lang='grc' dir='ltr'>τε</span> <span class='ocrx_word' id='word_1_130' title='bbox 540 1572 586 1631; x_wconf 81' lang='grc' dir='ltr'>καὶ</span> <span class='ocrx_word' id='word_1_131' title='bbox 598 1571 634 1632; x_wconf 83' lang='grc' dir='ltr'>τιϊ</span> <span class='ocrx_word' id='word_1_132' title='bbox 647 1570 700 1648; x_wconf 78' lang='grc' dir='ltr'>ἐμοὶ</span> <span class='ocrx_word' id='word_1_133' title='bbox 714 1573 865 1652; x_wconf 89' lang='grc' dir='ltr'>πρήγματα</span> <span class='ocrx_word' id='word_1_134' title='bbox 883 1572 952 1632; x_wconf 88' lang='grc' dir='ltr'>ἀπο-</span> 
     </span>
     <span class='ocr_line' id='line_1_19' title="bbox 151 1659 952 1737; baseline 0.002 -19"><span class='ocrx_word' id='word_1_135' title='bbox 151 1660 317 1734; x_wconf 85' lang='grc' dir='ltr'>βλέποντες·</span> <span class='ocrx_word' id='word_1_136' title='bbox 333 1661 402 1720; x_wconf 82' lang='grc' dir='ltr'>οὕτω</span> <span class='ocrx_word' id='word_1_137' title='bbox 416 1659 449 1734; x_wconf 86' lang='grc' dir='ltr'>δή</span> <span class='ocrx_word' id='word_1_138' title='bbox 464 1660 509 1718; x_wconf 84' lang='grc' dir='ltr'>καὶ</span> <span class='ocrx_word' id='word_1_139' title='bbox 522 1659 600 1737; x_wconf 82' lang='grc' dir='ltr'>ύμεῖς</span> <span class='ocrx_word' id='word_1_140' title='bbox 614 1663 637 1718; x_wconf 82' lang='grc' dir='ltr'>εἰ</span> <span class='ocrx_word' id='word_1_141' title='bbox 651 1660 741 1736; x_wconf 87' lang='grc' dir='ltr'>δοίητε</span> <span class='ocrx_word' id='word_1_142' title='bbox 755 1659 840 1735; x_wconf 74' lang='grc' dir='ltr'>ὑμέας</span> <span class='ocrx_word' id='word_1_143' title='bbox 853 1659 952 1725; x_wconf 79' lang='grc' dir='ltr'>αύτούς</span> 
     </span>
     <span class='ocr_line' id='line_1_20' title="bbox 150 1746 952 1828; baseline 0.004 -23"><span class='ocrx_word' id='word_1_144' title='bbox 150 1747 287 1822; x_wconf 80' lang='grc' dir='ltr'>βασιλέϊ,</span> <span class='ocrx_word' id='word_1_145' title='bbox 309 1748 462 1818; x_wconf 78' lang='grc' dir='ltr'>δεδόξωσθε</span> <span class='ocrx_word' id='word_1_146' title='bbox 485 1748 540 1828; x_wconf 87' lang='grc' dir='ltr'>γάρ</span> <span class='ocrx_word' id='word_1_147' title='bbox 562 1747 633 1825; x_wconf 84' lang='grc' dir='ltr'>πρός</span> <span class='ocrx_word' id='word_1_148' title='bbox 653 1746 738 1806; x_wconf 83' lang='grc' dir='ltr'>αύτοῦ</span> <span class='ocrx_word' id='word_1_149' title='bbox 766 1746 860 1820; x_wconf 79' lang='grc' dir='ltr'>ἄνδρες</span> <span class='ocrx_word' id='word_1_150' title='bbox 883 1749 952 1808; x_wconf 85' lang='grc' dir='ltr'>εἶναι</span> 
     </span>
     <span class='ocr_line' id='line_1_21' title="bbox 152 1833 953 1916; baseline 0.01 -25"><span class='ocrx_word' id='word_1_151' title='bbox 152 1833 261 1913; x_wconf 82' lang='grc' dir='ltr'>ἀγαθοὶ,</span> <span class='ocrx_word' id='word_1_152' title='bbox 277 1835 394 1898; x_wconf 82' lang='grc' dir='ltr'>ἕκαστος</span> <span class='ocrx_word' id='word_1_153' title='bbox 407 1833 440 1894; x_wconf 79' lang='grc' dir='ltr'>ἂν</span> <span class='ocrx_word' id='word_1_154' title='bbox 450 1835 539 1910; x_wconf 83' lang='grc' dir='ltr'>ύμέων</span> <span class='ocrx_word' id='word_1_155' title='bbox 549 1834 631 1914; x_wconf 82' lang='grc' dir='ltr'>ἀρχαι</span> <span class='ocrx_word' id='word_1_156' title='bbox 639 1839 692 1916; x_wconf 72' lang='grc' dir='ltr'>γῆς</span> <span class='ocrx_word' id='word_1_157' title='bbox 700 1835 847 1905; x_wconf 75' lang='grc' dir='ltr'>Ἑλλάδος,</span> <span class='ocrx_word' id='word_1_158' title='bbox 857 1835 953 1900; x_wconf 86' lang='grc' dir='ltr'>δόντος</span> 
     </span>
     <span class='ocr_line' id='line_1_22' title="bbox 152 1922 952 2001; baseline 0.009 -22"><span class='ocrx_word' id='word_1_159' title='bbox 152 1923 317 1997; x_wconf 82' lang='grc' dir='ltr'>βασιλέος.”</span> <span class='ocrx_word' id='word_1_160' title='bbox 329 1922 398 2000; x_wconf 72' lang='grc' dir='ltr'>πρὸς</span> <span class='ocrx_word' id='word_1_161' title='bbox 408 1926 495 1981; x_wconf 83' lang='grc' dir='ltr'>ταῦτα</span> <span class='ocrx_word' id='word_1_162' title='bbox 508 1922 687 2001; x_wconf 80' lang='grc' dir='ltr'>ύπεκρίναντο</span> <span class='ocrx_word' id='word_1_163' title='bbox 697 1922 771 1983; x_wconf 84' lang='grc' dir='ltr'>τάδε·</span> <span class='ocrx_word' id='word_1_164' title='bbox 786 1935 803 1959; x_wconf 89' lang='grc'><strong>“</strong></span> <span class='ocrx_word' id='word_1_165' title='bbox 809 1923 952 2001; x_wconf 79' lang='grc' dir='ltr'>Ὕδαρνες,</span> 
     </span>
     <span class='ocr_line' id='line_1_23' title="bbox 153 2008 970 2090; baseline 0.004 -22"><span class='ocrx_word' id='word_1_166' title='bbox 153 2008 202 2068; x_wconf 88' lang='grc' dir='ltr'>ούκ</span> <span class='ocrx_word' id='word_1_167' title='bbox 225 2011 256 2080; x_wconf 77' lang='grc' dir='ltr'>ἐξ</span> <span class='ocrx_word' id='word_1_168' title='bbox 275 2013 339 2070; x_wconf 84' lang='grc' dir='ltr'>ἴσου</span> <span class='ocrx_word' id='word_1_169' title='bbox 360 2011 466 2090; x_wconf 89' lang='grc' dir='ltr'>γίνεται</span> <span class='ocrx_word' id='word_1_170' title='bbox 487 2010 504 2087; x_wconf 80' lang='grc' dir='ltr'><em>ἦ</em></span> <span class='ocrx_word' id='word_1_171' title='bbox 526 2012 689 2088; x_wconf 88' lang='grc' dir='ltr'>συμβουλίη</span> <span class='ocrx_word' id='word_1_172' title='bbox 710 2010 728 2086; x_wconf 80' lang='grc' dir='ltr'><em>ἦ</em></span> <span class='ocrx_word' id='word_1_173' title='bbox 749 2017 776 2074; x_wconf 81' lang='grc' dir='ltr'>ές</span> <span class='ocrx_word' id='word_1_174' title='bbox 791 2010 883 2087; x_wconf 50' lang='grc' dir='ltr'>Ἰἡμέας</span> <span class='ocrx_word' id='word_1_175' title='bbox 898 2016 970 2072; x_wconf 81' lang='grc' dir='ltr'>τεί-”</span> 
     </span>
     <span class='ocr_line' id='line_1_24' title="bbox 152 2098 952 2179; baseline 0.004 -22"><span class='ocrx_word' id='word_1_176' title='bbox 152 2125 250 2157; x_wconf 90' lang='grc' dir='ltr'>νουσα·</span> <span class='ocrx_word' id='word_1_177' title='bbox 271 2104 320 2160; x_wconf 84' lang='grc' dir='ltr'>τοῦ</span> <span class='ocrx_word' id='word_1_178' title='bbox 333 2102 384 2177; x_wconf 80' lang='grc' dir='ltr'>μὲν</span> <span class='ocrx_word' id='word_1_179' title='bbox 396 2098 665 2179; x_wconf 86' lang='grc' dir='ltr'>γάρπεπειρημένος</span> <span class='ocrx_word' id='word_1_180' title='bbox 675 2098 888 2176; x_wconf 88' lang='grc' dir='ltr'>συμβουλεύεις,</span> <span class='ocrx_word' id='word_1_181' title='bbox 901 2105 952 2160; x_wconf 85' lang='grc' dir='ltr'>τοῦ</span> 
     </span>
     <span class='ocr_line' id='line_1_25' title="bbox 153 2185 951 2266; baseline 0.004 -23"><span class='ocrx_word' id='word_1_182' title='bbox 153 2185 182 2243; x_wconf 83' lang='grc' dir='ltr'>δὲ</span> <span class='ocrx_word' id='word_1_183' title='bbox 196 2185 308 2264; x_wconf 75' lang='grc' dir='ltr'>ἄπειρος</span> <span class='ocrx_word' id='word_1_184' title='bbox 322 2186 381 2246; x_wconf 87' lang='grc' dir='ltr'>εἰύν·</span> <span class='ocrx_word' id='word_1_185' title='bbox 402 2186 435 2244; x_wconf 81' lang='grc' dir='ltr'>τό</span> <span class='ocrx_word' id='word_1_186' title='bbox 448 2188 500 2261; x_wconf 76' lang='grc' dir='ltr'>μέν</span> <span class='ocrx_word' id='word_1_187' title='bbox 512 2186 567 2266; x_wconf 86' lang='grc' dir='ltr'>γάρ</span> <span class='ocrx_word' id='word_1_188' title='bbox 581 2187 682 2248; x_wconf 80' lang='grc' dir='ltr'>δοῦλος</span> <span class='ocrx_word' id='word_1_189' title='bbox 699 2186 767 2246; x_wconf 84' lang='grc' dir='ltr'>εἶναι</span> <span class='ocrx_word' id='word_1_190' title='bbox 786 2187 951 2258; x_wconf 79' lang='grc' dir='ltr'>ἐξεπίστεαι,</span> 
     </span>
     <span class='ocr_line' id='line_1_26' title="bbox 155 2270 952 2356; baseline 0.006 -27"><span class='ocrx_word' id='word_1_191' title='bbox 155 2273 312 2349; x_wconf 82' lang='grc' dir='ltr'>ἐλευθερίης</span> <span class='ocrx_word' id='word_1_192' title='bbox 326 2274 355 2332; x_wconf 81' lang='grc' dir='ltr'>δὲ</span> <span class='ocrx_word' id='word_1_193' title='bbox 368 2270 438 2331; x_wconf 84' lang='grc' dir='ltr'>ούκω</span> <span class='ocrx_word' id='word_1_194' title='bbox 450 2273 603 2349; x_wconf 79' lang='grc' dir='ltr'>ἐπειρήθης,</span> <span class='ocrx_word' id='word_1_195' title='bbox 615 2272 670 2333; x_wconf 79' lang='grc' dir='ltr'>οὔτ’</span> <span class='ocrx_word' id='word_1_196' title='bbox 685 2278 708 2334; x_wconf 80' lang='grc' dir='ltr'>εἰ</span> <span class='ocrx_word' id='word_1_197' title='bbox 722 2275 783 2335; x_wconf 81' lang='grc' dir='ltr'>ἔστι</span> <span class='ocrx_word' id='word_1_198' title='bbox 792 2274 881 2356; x_wconf 77' lang='grc' dir='ltr'>γλυκύ</span> <span class='ocrx_word' id='word_1_199' title='bbox 896 2274 952 2334; x_wconf 76' lang='grc' dir='ltr'>οὔτ’</span> 
     </span>
     <span class='ocr_line' id='line_1_27' title="bbox 155 2358 950 2440; baseline 0.008 -24"><span class='ocrx_word' id='word_1_200' title='bbox 155 2362 178 2416; x_wconf 83' lang='grc' dir='ltr'>εἰ</span> <span class='ocrx_word' id='word_1_201' title='bbox 191 2358 241 2434; x_wconf 85' lang='grc' dir='ltr'>μή·</span> <span class='ocrx_word' id='word_1_202' title='bbox 262 2365 287 2418; x_wconf 84' lang='grc' dir='ltr'>εἰ</span> <span class='ocrx_word' id='word_1_203' title='bbox 298 2360 353 2440; x_wconf 88' lang='grc' dir='ltr'>γάρ</span> <span class='ocrx_word' id='word_1_204' title='bbox 372 2358 457 2435; x_wconf 73' lang='grc' dir='ltr'>αὐτῆς</span> <span class='ocrx_word' id='word_1_205' title='bbox 472 2359 630 2436; x_wconf 87' lang='grc' dir='ltr'>πειρήσαιο,</span> <span class='ocrx_word' id='word_1_206' title='bbox 647 2360 697 2421; x_wconf 77' lang='grc' dir='ltr'>οὐκ</span> <span class='ocrx_word' id='word_1_207' title='bbox 714 2361 748 2421; x_wconf 84' lang='grc' dir='ltr'>ἂν</span> <span class='ocrx_word' id='word_1_208' title='bbox 765 2362 864 2440; x_wconf 90' lang='grc' dir='ltr'>δόρασι</span> <span class='ocrx_word' id='word_1_209' title='bbox 880 2390 950 2440; x_wconf 91' lang='grc' dir='ltr'>συμ-</span> 
     </span>
     <span class='ocr_line' id='line_1_28' title="bbox 143 2444 951 2527; baseline 0.007 -24"><span class='ocrx_word' id='word_1_210' title='bbox 143 2444 302 2520; x_wconf 86' lang='grc' dir='ltr'>βουλεύοις</span> <span class='ocrx_word' id='word_1_211' title='bbox 328 2446 396 2523; x_wconf 86' lang='grc' dir='ltr'>ήμῐν</span> <span class='ocrx_word' id='word_1_212' title='bbox 418 2446 482 2524; x_wconf 87' lang='grc' dir='ltr'>περὶ</span> <span class='ocrx_word' id='word_1_213' title='bbox 509 2445 595 2522; x_wconf 72' lang='grc' dir='ltr'>αὐτῆς</span> <span class='ocrx_word' id='word_1_214' title='bbox 621 2446 773 2527; x_wconf 86' lang='grc' dir='ltr'>μάχεσθαι,</span> <span class='ocrx_word' id='word_1_215' title='bbox 801 2451 879 2510; x_wconf 83' lang='grc' dir='ltr'>ἀλλά</span> <span class='ocrx_word' id='word_1_216' title='bbox 906 2453 951 2509; x_wconf 87' lang='grc' dir='ltr'>καὶ</span> 
     </span>
     <span class='ocr_line' id='line_1_29' title="bbox 107 2533 952 2616; baseline 0.011 -26"><span class='ocrx_word' id='word_1_217' title='bbox 107 2534 163 2591; x_wconf 88' lang='grc'>136</span> <span class='ocrx_word' id='word_1_218' title='bbox 173 2533 330 2592; x_wconf 78' lang='grc' dir='ltr'>πελέκεσι.”</span> <span class='ocrx_word' id='word_1_219' title='bbox 344 2537 439 2594; x_wconf 83' lang='grc' dir='ltr'>Ταῦτα</span> <span class='ocrx_word' id='word_1_220' title='bbox 446 2537 497 2609; x_wconf 82' lang='grc' dir='ltr'>μὲν</span> <span class='ocrx_word' id='word_1_221' title='bbox 505 2533 640 2612; x_wconf 75' lang='grc' dir='ltr'>’Υδάρνεα</span> <span class='ocrx_word' id='word_1_222' title='bbox 649 2535 812 2616; x_wconf 85' lang='grc' dir='ltr'>ἀμείψαντο·</span> <span class='ocrx_word' id='word_1_223' title='bbox 828 2541 952 2599; x_wconf 83' lang='grc' dir='ltr'>ἐνθεῦτεν</span> 
     </span>
     <span class='ocr_line' id='line_1_30' title="bbox 171 2617 951 2704; baseline 0.01 -28"><span class='ocrx_word' id='word_1_224' title='bbox 171 2621 183 2676; x_wconf 81' lang='grc' dir='ltr'>ὲ</span> <span class='ocrx_word' id='word_1_225' title='bbox 208 2617 243 2682; x_wconf 82' lang='grc' dir='ltr'>οϊς</span> <span class='ocrx_word' id='word_1_226' title='bbox 270 2618 414 2695; x_wconf 86' lang='grc' dir='ltr'>ἀνέβησαν</span> <span class='ocrx_word' id='word_1_227' title='bbox 436 2626 462 2683; x_wconf 80' lang='grc' dir='ltr'>ἐς</span> <span class='ocrx_word' id='word_1_228' title='bbox 489 2622 587 2684; x_wconf 85' lang='grc' dir='ltr'>Σοῦσα</span> <span class='ocrx_word' id='word_1_229' title='bbox 614 2623 659 2682; x_wconf 85' lang='grc' dir='ltr'>καὶ</span> <span class='ocrx_word' id='word_1_230' title='bbox 686 2625 808 2701; x_wconf 84' lang='grc' dir='ltr'>βασιλέϊ</span> <span class='ocrx_word' id='word_1_231' title='bbox 836 2632 863 2688; x_wconf 82' lang='grc' dir='ltr'>ές</span> <span class='ocrx_word' id='word_1_232' title='bbox 887 2625 951 2704; x_wconf 77' lang='grc' dir='ltr'>ὄψιν</span> 
     </span>
     <span class='ocr_line' id='line_1_31' title="bbox 151 2705 951 2787; baseline 0.008 -23"><span class='ocrx_word' id='word_1_233' title='bbox 151 2705 249 2780; x_wconf 82' lang='grc' dir='ltr'>ἦλθον,</span> <span class='ocrx_word' id='word_1_234' title='bbox 270 2711 366 2785; x_wconf 78' lang='grc' dir='ltr'>πρῶτα</span> <span class='ocrx_word' id='word_1_235' title='bbox 386 2710 437 2784; x_wconf 75' lang='grc' dir='ltr'>μὲν</span> <span class='ocrx_word' id='word_1_236' title='bbox 457 2712 512 2768; x_wconf 77' lang='grc' dir='ltr'>τῶν</span> <span class='ocrx_word' id='word_1_237' title='bbox 532 2710 692 2787; x_wconf 89' lang='grc' dir='ltr'>δορυφόρων</span> <span class='ocrx_word' id='word_1_238' title='bbox 715 2711 882 2771; x_wconf 83' lang='grc' dir='ltr'>κελευόντων</span> <span class='ocrx_word' id='word_1_239' title='bbox 905 2715 951 2770; x_wconf 85' lang='grc' dir='ltr'>καὶ</span> 
     </span>
     <span class='ocr_line' id='line_1_32' title="bbox 153 2792 949 2878; baseline 0.001 -24"><span class='ocrx_word' id='word_1_240' title='bbox 153 2792 276 2878; x_wconf 78' lang='grc' dir='ltr'>ἀνάγκην</span> <span class='ocrx_word' id='word_1_241' title='bbox 298 2801 354 2871; x_wconf 86' lang='grc' dir='ltr'>σφι</span> <span class='ocrx_word' id='word_1_242' title='bbox 378 2795 597 2872; x_wconf 79' lang='grc' dir='ltr'>προσφερόντων</span> <span class='ocrx_word' id='word_1_243' title='bbox 616 2798 796 2873; x_wconf 88' lang='grc' dir='ltr'>προσκυνέειν</span> <span class='ocrx_word' id='word_1_244' title='bbox 822 2798 949 2873; x_wconf 87' lang='grc' dir='ltr'>βασιλέα</span> 
     </span>
     <span class='ocr_line' id='line_1_33' title="bbox 152 2881 950 2961; baseline 0.003 -19"><span class='ocrx_word' id='word_1_245' title='bbox 152 2884 388 2961; x_wconf 84' lang='grc' dir='ltr'>προσπίπτοντας,</span> <span class='ocrx_word' id='word_1_246' title='bbox 403 2881 453 2943; x_wconf 83' lang='grc' dir='ltr'>ούκ</span> <span class='ocrx_word' id='word_1_247' title='bbox 473 2885 592 2960; x_wconf 77' lang='grc' dir='ltr'>ἔφασαν,</span> <span class='ocrx_word' id='word_1_248' title='bbox 607 2882 755 2961; x_wconf 75' lang='grc' dir='ltr'>ὠθεόμενοι</span> <span class='ocrx_word' id='word_1_249' title='bbox 773 2883 843 2961; x_wconf 77' lang='grc' dir='ltr'>πρὸς</span> <span class='ocrx_word' id='word_1_250' title='bbox 862 2883 950 2944; x_wconf 81' lang='grc' dir='ltr'>αύτῶν</span> 
     </span>
     <span class='ocr_line' id='line_1_34' title="bbox 148 2969 951 3052; baseline 0.004 -23"><span class='ocrx_word' id='word_1_251' title='bbox 148 2972 197 3030; x_wconf 61' lang='lat' dir='ltr'>im*</span> <span class='ocrx_word' id='word_1_252' title='bbox 207 2971 346 3051; x_wconf 80' lang='grc' dir='ltr'>κεφαλήν,</span> <span class='ocrx_word' id='word_1_253' title='bbox 361 2971 490 3049; x_wconf 83' lang='grc' dir='ltr'>ποιήσειν</span> <span class='ocrx_word' id='word_1_254' title='bbox 506 2976 595 3033; x_wconf 78' lang='grc' dir='ltr'>ταῦτα</span> <span class='ocrx_word' id='word_1_255' title='bbox 611 2969 728 3049; x_wconf 83' lang='grc' dir='ltr'>ούδαμά·</span> <span class='ocrx_word' id='word_1_256' title='bbox 750 2969 813 3032; x_wconf 81' lang='grc' dir='ltr'>οὔτε</span> <span class='ocrx_word' id='word_1_257' title='bbox 825 2970 881 3052; x_wconf 78' lang='grc' dir='ltr'>γάρ</span> <span class='ocrx_word' id='word_1_258' title='bbox 895 2980 951 3049; x_wconf 88' lang='grc' dir='ltr'>σφι</span> 
     </span>
     <span class='ocr_line' id='line_1_35' title="bbox 132 3059 957 3147; baseline 0.001 -30"><span class='ocrx_word' id='word_1_259' title='bbox 132 3064 166 3118; x_wconf 75' lang='grc' dir='ltr'>ἐν</span> <span class='ocrx_word' id='word_1_260' title='bbox 193 3061 273 3146; x_wconf 65' lang='grc' dir='ltr'>νόμῳ</span> <span class='ocrx_word' id='word_1_261' title='bbox 301 3063 376 3127; x_wconf 85' lang='grc' dir='ltr'>εἶναι</span> <span class='ocrx_word' id='word_1_262' title='bbox 403 3061 554 3147; x_wconf 74' lang='grc' dir='ltr'>ἄνθρωπον</span> <span class='ocrx_word' id='word_1_263' title='bbox 580 3061 773 3143; x_wconf 83' lang='grc' dir='ltr'>προσκυνέειν,</span> <span class='ocrx_word' id='word_1_264' title='bbox 798 3059 863 3120; x_wconf 73' lang='grc' dir='ltr'>οἷπε</span> <span class='ocrx_word' id='word_1_265' title='bbox 886 3062 957 3118; x_wconf 70' lang='grc' dir='ltr'>κατὰ</span> 
     </span>
     <span class='ocr_line' id='line_1_36' title="bbox 117 3144 987 3241; baseline -0.002 -25"><span class='ocrx_word' id='word_1_266' title='bbox 117 3153 213 3210; x_wconf 65' lang='grc' dir='ltr'>Ταῦτα</span> <span class='ocrx_word' id='word_1_267' title='bbox 225 3152 319 3230; x_wconf 80' lang='grc' dir='ltr'>ήκειν·</span> <span class='ocrx_word' id='word_1_268' title='bbox 336 3157 377 3224; x_wconf 77' lang='grc' dir='ltr'>ὥς</span> <span class='ocrx_word' id='word_1_269' title='bbox 387 3157 419 3220; x_wconf 82' lang='grc' dir='ltr'>δὲ</span> <span class='ocrx_word' id='word_1_270' title='bbox 430 3155 663 3240; x_wconf 84' lang='grc' dir='ltr'>ἀπεμαχέσαντο</span> <span class='ocrx_word' id='word_1_271' title='bbox 675 3153 774 3220; x_wconf 67' lang='grc' dir='ltr'>τοῦτο,</span> <span class='ocrx_word' id='word_1_272' title='bbox 784 3144 905 3219; x_wconf 62' lang='grc' dir='ltr'>δείπευᾶ</span> <span class='ocrx_word' id='word_1_273' title='bbox 917 3150 987 3241; x_wconf 52' lang='lat' dir='ltr'>Q</span> 
     </span>
     <span class='ocr_line' id='line_1_37' title="bbox 108 3230 992 3338; baseline 0 -28"><span class='ocrx_word' id='word_1_274' title='bbox 108 3231 239 3310; x_wconf 47' lang='lat' dir='ltr'>{570va</span> <span class='ocrx_word' id='word_1_275' title='bbox 255 3248 331 3312; x_wconf 80' lang='grc' dir='ltr'>τόδε</span> <span class='ocrx_word' id='word_1_276' title='bbox 342 3251 394 3314; x_wconf 87' lang='grc' dir='ltr'>καϊ</span> <span class='ocrx_word' id='word_1_277' title='bbox 406 3250 508 3338; x_wconf 90' lang='grc' dir='ltr'>λόγου</span> <span class='ocrx_word' id='word_1_278' title='bbox 519 3246 642 3314; x_wconf 73' lang='grc' dir='ltr'>τοιοῦδε</span> <span class='ocrx_word' id='word_1_279' title='bbox 653 3242 791 3328; x_wconf 55' lang='grc' dir='ltr'>ἐχόμὶναι</span> <span class='ocrx_word' id='word_1_280' title='bbox 799 3244 818 3270; x_wconf 80' lang='grc'>“</span> <span class='ocrx_word' id='word_1_281' title='bbox 830 3231 852 3290; x_wconf 52' lang='lat'>3⁰</span> <span class='ocrx_word' id='word_1_282' title='bbox 864 3230 992 3306; x_wconf 42' lang='grc' dir='ltr'>βψω</span> 
     </span>
    </p>
   </div>
   <div class='ocr_carea' id='block_1_2' title="bbox 0 0 1016 3450">
    <p class='ocr_par' dir='ltr' id='par_1_2' title="bbox 0 0 1016 3450">
     <span class='ocr_line' id='line_1_38' title="bbox 0 0 1016 3450; baseline 0 0"><span class='ocrx_word' id='word_1_283' title='bbox 0 0 1016 3450; x_wconf 95' lang='lat' dir='ltr'> </span> 
     </span>
    </p>
   </div>
  </div>
 </body>
</html>
