2024 3450
143 111 190 157 198
446 105 629 154 ἀνοιονοτ
865 101 945 164 [vn.

142 189 192 246 τοῦ
221 183 329 259 Ξέρξεω
358 181 566 260 στρατεύματος
592 179 718 257 ἀριθμός·
752 183 888 259 γυναικῶν
916 182 948 241 δὲ

142 271 315 340 σιτοποιέων,
340 271 386 329 καὶ
412 269 588 338 παλλακέων,
613 270 658 327 καὶ
686 265 831 346 εὐνούχων,
856 266 949 333 οὐδεὶς

72 413 74 418 ,
143 357 177 424 ἂν
190 359 263 418 εἴποι
276 357 392 434 ἀτρεκέα
410 357 536 434 ἀριθμόν·
559 354 614 422 οὐδ’
632 354 666 414 αὖ
683 354 836 434 ι’ποζυγίων
851 380 882 413 τε
899 358 948 415 καὶ

142 451 197 507 τῶν
224 445 319 505 ἄλλων
346 446 464 522 κτηνέων
489 449 544 506 τῶν
570 442 748 522 ἀχθοφόρων
784 443 830 500 καὶ
857 448 948 504 κυνῶν

142 533 262 595 Ἰνδικῶν
275 536 330 594 τῶν
344 535 491 610 ἑπομένων,
506 531 561 592 οὐδ’
576 530 611 591 ἂν
628 530 732 591 τούτων
749 529 803 588 ὑπό
821 530 949 604 πλήθεος

144 621 231 686 οὐδεὶς
257 620 291 682 ἂν
317 622 390 680 εἴποι
418 619 546 698 α’ριθμόν.
588 619 662 680 ῶστε
689 618 767 678 οὐδέν
793 644 842 693 μοι
865 619 949 696 θῶμα

144 710 313 788 παρίσταται
329 707 480 785 προδοῦναι
496 707 532 767 ταὶ
548 707 648 785 ῥέεθρα
663 711 719 767 τῶν
734 710 867 781 ποταμῶν
883 708 949 768 ἔστι

144 801 207 868 τῶν,
223 796 300 856 ἀλλά
321 800 434 873 μᾶλλον
450 794 519 858 ὅκως
533 795 569 855 τά
587 794 665 854 σιτία
682 792 845 871 ἀντέχρησε,
866 795 949 870 θῶμά

118 925 121 931 ·
143 910 201 961 μοι,
222 883 339 961 μυριάσι
359 882 524 961 τοσαύτῃσι·
555 881 672 959 εθρίσκω
693 877 748 961 γοῖρ
775 883 947 956 συμβαλλό·

143 997 233 1048 μενος,
249 975 272 1030 εἰ
290 971 401 1049 χοίνικα
420 973 514 1046 πυρῶν
535 970 652 1033 ἕκαστος
672 973 722 1044 τῆς
738 967 842 1045 ἡμέρης
859 968 947 1047 ἐλάμ-

143 1059 215 1134 βανε
237 1057 282 1116 καὶ
304 1057 390 1132 μηδὲν
414 1058 510 1127 πλέον,
533 1056 628 1116 ἕνδεκα
650 1055 785 1133 μυριάδας
807 1055 948 1133 μεδίμνων

142 1147 308 1221 τελεομένας
322 1142 364 1210 ἐπ’
381 1143 471 1221 ἡμέρη
490 1142 602 1223 ἑκάστη,
617 1145 662 1202 καὶ
678 1143 756 1221 πρδς,
769 1145 948 1221 τριηκοσίους

143 1258 174 1292 τε
194 1232 300 1295 ἄλλους
315 1231 463 1309 μεδίμνους
481 1233 527 1290 καὶ
546 1230 763 1308 τεσσεράκοντα·
786 1233 894 1312 γυναιξὶ
916 1235 947 1294 δὲ

144 1320 190 1379 καὶ
212 1319 369 1399 εὐνούχοισι
391 1320 437 1378 καὶ
457 1319 633 1400 ὑποζυγίοισι
654 1319 699 1378 καὶ
721 1319 795 1389 κυσὶ,
812 1318 844 1403 οθ
866 1323 946 1402 λογί-

144 1410 235 1486 ζομαι.
277 1407 381 1485 ἀνδρῶν
408 1406 431 1467 δ’
460 1408 578 1468 ἐουσέων
603 1407 758 1467 τοσουτέων
783 1409 945 1484 μυριαδέων,

145 1496 265 1560 κάλλεός
296 1521 327 1556 τε
358 1496 448 1557 εἵνεκα
484 1495 529 1553 καὶ
564 1495 700 1575 μεγάθεος
734 1493 821 1558 οὐδεὶς
855 1494 946 1558 αὐτῶν

144 1583 345 1662 ἀξιονικότερος
373 1582 408 1659 ἢν
436 1582 521 1642 αὐτοῦ
555 1583 662 1659 Ξέρξεω
696 1584 768 1662 ἔχειν
797 1588 880 1644 τοῦτο
911 1585 945 1648 τό

145 1671 256 1750 κρότος.

98 1747 156 1819 188
184 1760 219 1820 ‘0
233 1760 263 1819 δὲ
276 1760 309 1834 δή
324 1757 450 1822 ναυτικῶς
464 1759 585 1836 στρατός
598 1759 661 1818 έπεί
670 1784 701 1818 τε
711 1729 843 1837 ὁρμηθεὶς
854 1748 945 1829 ἔπλεε,

145 1847 191 1904 καὶ
207 1847 328 1924 κατέσχε
344 1850 394 1921 τῆς
410 1845 580 1925 Μαγνησίης
593 1844 692 1926 χοίρης
702 1851 730 1910 ἒς
746 1844 797 1906 τόν
813 1848 946 1927 αἰγιαλόν

143 1932 194 1994 τόν
210 1933 313 2010 μεταξύ
332 1933 515 2008 Κασθαναίης
532 1960 563 1993 τε
580 1934 679 1997 πόλιος
695 1933 776 1995 ε’όντα
793 1935 839 1993 καὶ
857 1936 944 2010 Σηπι-

144 2020 210 2086 άδος
222 2020 315 2097 άκτὴς,
330 2023 358 2079 αἱ
371 2022 422 2097 μὲν
436 2020 469 2095 δὴ
484 2025 590 2099 πρῶται
604 2025 659 2082 τῶν
672 2026 739 2083 νεῶν
753 2021 858 2098 ὥρμεον
872 2026 946 2100 πρός

143 2113 189 2190 γῇ,
204 2109 292 2170 ἄλλοι
305 2109 327 2170 δ’
341 2108 383 2168 ἐπ’
398 2109 519 2188 έκείνησι
537 2107 579 2168 ἐπ’
593 2103 753 2189 οἷγκυρέωνῖ,
763 2109 811 2167 ἅτε
824 2110 879 2188 γάρ
888 2118 941 2173 τοί

144 2202 274 2278 αἰγιαλοῦ
294 2197 386 2261 ε’όντος
407 2195 439 2256 οὗ
459 2196 592 2280 μεγάλου,
610 2196 789 2277 πρόκροσσαι
809 2195 947 2271 ὁρμέοντο

144 2289 172 2346 ἐς
185 2285 294 2358 πόντον,
307 2286 352 2344 καὶ
367 2285 412 2344 ε’πὶ
425 2283 496 2346 όκτῶ
510 2285 582 2348 νέας*
601 2282 704 2359 ταύτην
716 2286 768 2359 μὲν
777 2280 829 2358 τὴν
843 2283 946 2362 εὐφρό-

144 2396 194 2446 νην
207 2371 286 2430 οὕτω·
307 2371 366 2449 ἅμα
379 2373 408 2431 δὲ
427 2371 526 2451 ὄρθρῳ,
541 2372 572 2442 ἐξ
587 2372 693 2449 αἰθρίης
705 2395 736 2429 τε
755 2371 800 2429 καὶ
814 2373 947 2450 νηνεμίης

144 2461 194 2535 τῆς
222 2457 371 2533 θαλάσσης
397 2459 527 2536 ζεσάσης,
555 2459 674 2519 ε’πέπεσέ
700 2465 756 2534 σφι
782 2457 887 2537 χειμών
914 2488 948 2523 τε

143 2546 232 2629 μέγας
242 2545 287 2604 καὶ
300 2544 409 2609 πολλός
422 2544 522 2622 ἄνεμος
535 2546 704 2622 ἀπηλιώτης,
714 2546 764 2606 τόν
790 2545 946 2625 ἡἙλλησ-

144 2634 260 2708 ποντίην
274 2632 407 2691 καλέουσι
420 2636 447 2692 οἶ
460 2634 524 2712 περὶ
536 2639 624 2694 ταῦτα
639 2635 674 2694 τά
692 2630 780 2714 χωρία
793 2636 945 2712 οἰκημένοι.

146 2719 211 2781 ὅσοι
231 2719 284 2795 μέν
305 2743 352 2777 νυν
372 2718 462 2779 αὐτῶν
482 2720 633 2798 αὐξόμενον
653 2724 756 2798 ἔμαθον
771 2723 821 2783 τόν
841 2721 946 2799 ἄνεμον

145 2808 192 2868 καὶ
204 2809 280 2866 τοῖσι
291 2804 360 2865 οὕτω
371 2806 428 2886 εἶχε
439 2807 535 2884 ὅρμου,
547 2811 573 2866 οἶ
586 2806 609 2866 δ’
620 2810 749 2884 ἔφθησαν
758 2810 808 2871 τόν
820 2815 946 2888 χειμῶνα

145 2892 360 2957 ἀνασπάσαντες
375 2893 424 2956 τὰς
442 2895 512 2964 νέας,
529 2894 575 2952 καὶ
597 2894 678 2954 αὐτοί
691 2923 721 2957 τε
739 2902 881 2975 περιῆσαν
897 2900 945 2959 καὶ

145 2987 175 3043 αἱ
192 2983 249 3046 νέες
268 2979 367 3041 αὐτῶν·
387 2979 457 3045 ὅσας
477 2981 507 3040 δὲ
526 2985 581 3041 τῶν
596 2985 663 3042 νεῶν
675 2986 828 3062 μεταρσίας
845 2987 944 3062 ἔλαβε,

143 3070 195 3135 τάς
206 3071 261 3147 μὲν
281 3067 395 3147 ἐξέφερε
411 3068 482 3146 πρός
499 3067 607 3132 Ἰπνούς
627 3072 811 3147 καλεομένους
830 3071 894 3135 τούς
915 3079 946 3135 έν

119 3158 243 3236 γΠηλιήι,
259 3156 312 3223 τάς
324 3156 357 3220 δὲ
370 3162 398 3224 ές
410 3157 462 3222 τῶν
475 3156 616 3242 αἰγιαλόν·
638 3161 669 3219 αἱ
680 3159 713 3218 δε
720 3160 786 3234 περὶ
797 3157 880 3231 αὖτίμ
892 3159 945 3234 τὴν
999 3215 1003 3221 .

110 3241 257 3315 ’Σηπιάδα
277 3250 481 3328 περιέπιπτον,
502 3252 535 3312 αἱ
551 3249 582 3311 δέ
597 3253 627 3314 ές
639 3247 810 3322 Μελίβοιαν
823 3241 924 3309 πόλιν,
935 3248 968 3299 αἱ
