2024 3450
135 113 183 160 310
452 108 626 157 ΗΡΟΔΟΤΟΤ
874 109 937 176 ΠΧ,

134 189 230 268 ἐπεῖχέ
243 212 274 247 τε
292 186 339 246 ἐπὶ
356 186 591 264 Λακεδαιμονίους
607 211 638 245 τε
657 185 704 246 καὶ
716 186 859 269 Τεγεήτας
871 192 939 268 μού-

134 302 205 339 νους·
226 274 388 351 Ἀθηναίους
403 276 459 356 γάρ
475 275 665 350 τραπομένους
681 279 709 338 ἐς
721 274 755 335 τὰ
768 275 867 337 πεδίον
883 278 939 341 ὖπό

131 367 186 423 τῶν
199 361 291 441 ὄχθων
305 361 337 422 οὔ
354 361 474 440 κατώρα·
496 364 611 439 Πέρσας
624 362 653 421 δέ
667 361 792 439 ὁρέοντες
811 363 939 444 ώρμημέ-

135 477 198 514 νους
216 450 321 510 διώκειν
340 451 406 515 τὀὐς
418 450 562 526 Ἕλληνας
575 453 602 509 οῖ
617 451 713 509 λοιποὶ
726 454 782 511 τοῖν
793 454 939 532 βαρβαρι-

135 542 190 599 κῶν
203 541 304 599 τελέων
320 539 461 618 ἄρχοντες,
472 538 570 598 αὐτίκα
579 538 680 602 πάντες
689 537 761 616 ἦραν
770 540 806 600 τά
817 543 937 618 σημήῖα,

133 628 179 686 καὶ
204 628 315 688 ἐδίωκον
339 626 375 690 ώς
394 627 487 686 ποδοῖν
507 626 624 689 ἕκαστος
644 626 728 704 εἶχον,
751 625 816 687 οὔτε
840 629 940 711 κόσμιρ

134 714 223 776 οὐδενὶ
241 717 429 792 κοσμηθέντες
447 713 509 774 οὔτε
525 712 596 782 τάξι·
618 715 664 772 καὶ
678 713 756 773 οὗτοι
768 716 821 791 μὲν
834 719 895 796 βοῇ
907 745 939 780 τε

133 804 180 863 καὶ
206 803 298 884 ὁμίλῳ
326 803 453 880 ἐπήῖσαν,
476 800 512 865 ώς
535 800 761 879 ἀναρπασόμενοι
783 803 851 868 τούς
868 805 939 866 Ἕλ-

133 894 231 967 ληνας.

85 979 124 1036 60
174 978 339 1053 Παυσανίης
363 978 400 1051 δέ,
423 977 459 1040 ὥς
479 977 645 1053 προσέκειτο
666 977 686 1055 ῆ
708 978 801 1049 ἵππος,
823 980 939 1060 πέμψας

131 1064 203 1141 πρὸς
226 1064 291 1128 τοῖς
317 1064 480 1139 Ἀθηναίους
498 1065 584 1123 ἱππέα
604 1067 682 1145 λέγει
701 1066 778 1126 τάδε·
812 1066 938 1146 “ἅνδρες

131 1151 284 1229 Ἀθηναῖοι,
305 1152 411 1234 άγιῖνος
430 1153 567 1233 μεγίστου
587 1155 768 1230 προκειμένου
787 1158 938 1234 ἐλευθέρην
992 1145 995 1152 ¹

133 1241 230 1319 εἶναιῆ
244 1242 452 1318 δεδουλωμένην
461 1241 513 1316 τῆν
525 1239 659 1311 Ἑλλάδα,
674 1242 868 1319 προδεδόμεθα
880 1245 937 1306 ὑπὸ

103 1353 105 1357 ’
132 1334 187 1390 τοῖν
206 1330 363 1410 συμμάχων
380 1329 459 1405 ἡμεῖς
477 1354 508 1389 τε
526 1332 553 1388 οἶ
570 1330 785 1406 Λακεδαιμόνιοι
798 1332 845 1390 καὶ
858 1331 937 1408 ὑμεῖς

133 1421 160 1478 οἱ
177 1418 328 1495 Ἀθηναῖοι,
342 1417 398 1477 όπδ
416 1417 468 1493 τήν
484 1418 692 1495 παροιχομένην
710 1416 795 1477 νύκτα
809 1418 936 1497 διαδράν-

131 1532 195 1565 των·
224 1512 273 1567 νῦν
296 1506 332 1566 ὧν
356 1507 480 1565 δέδοκται
499 1505 532 1564 τὰ
557 1506 681 1565 ἐνθεῦτεν
703 1506 835 1581 ποιητέον
857 1507 936 1584 ήμῖν·

132 1593 320 1672 ἀμυνομένους
337 1593 391 1674 γὰρ
407 1599 443 1672 τῇ
461 1591 599 1670 δυνάμεθα
616 1591 720 1669 ἄριστα
733 1595 933 1671 περιστέλλειν

132 1680 285 1758 ἀλλήλους·
316 1686 340 1740 εἰ
360 1681 412 1757 μέν
432 1707 480 1740 νυν
501 1684 529 1743 ἐς
555 1679 641 1756 ὖμέας
666 1679 780 1757 ὥρμησε
803 1680 896 1760 άρχῆν
916 1684 936 1761 ή

134 1769 225 1838 ἵππος,
241 1772 315 1846 χρῆν
332 1768 361 1826 δέ
381 1768 469 1844 ἡμέας
486 1793 517 1827 τε
538 1768 583 1826 καὶ
602 1767 667 1831 τούς
686 1767 861 1844 μετ”ήμέων
880 1770 934 1848 τήν

131 1854 257 1912 Ἑλλάδα
280 1853 313 1913 οὗ
335 1855 515 1932 προδιδόντας
541 1855 680 1936 Τεγεήτας
705 1857 838 1931 βοηθέειν
858 1857 935 1933 θμῖν·

132 1946 181 2002 νῦν
199 1942 235 2012 δέ,
250 1946 277 2006 ἐς
295 1941 383 2018 ήμέας
398 1941 452 2023 γοῖρ
468 1942 568 2002 ἅπασα
585 1942 732 2022 κεχώρηκε,
752 1943 857 2003 δίκαιοί
869 1950 935 2006 ἐστε

130 2030 209 2107 ’θμεῖς
229 2031 299 2108 πρὸς
318 2032 370 2107 τῆν
389 2032 554 2107 πιεζομένην
578 2030 706 2106 μάλιστα
730 2034 787 2091 τών
813 2033 934 2110 μοιρέων

131 2118 294 2196 ἀμυνέοντες
316 2122 391 2180 ἰέναι.
435 2123 459 2178 εί
480 2119 502 2177 δ’
524 2117 578 2194 άρα
594 2116 693 2181 αὐτοῦς
712 2118 798 2195 ὖμέας
817 2124 935 2180 καταλε-

130 2208 242 2284 λάβηκε
265 2207 399 2267 ἀδύνατόν
420 2233 448 2266 τι
469 2207 608 2282 βοηθέειν,
632 2205 710 2282 θμεῖς
732 2205 755 2265 δ’
776 2206 845 2282 ἡμῖν
867 2208 934 2272 τοῖς

129 2294 245 2362 τοξότας
258 2294 472 2370 ἀποπέμψαντες
485 2293 568 2371 χάριν
586 2295 680 2354 θέσθε.
721 2294 890 2370 συνοίδαμεν
903 2296 935 2356 δὲ

129 2379 194 2456 υμῖν
206 2380 260 2438 fix&
274 2380 323 2438 τὸν
337 2379 475 2455 παρεόντα
495 2380 573 2439 τόνδε
587 2381 714 2458 πόλεμον
728 2385 806 2441 ἐοῦσι
819 2382 934 2444 πολλόν

84 2468 118 2525 61
130 2465 376 2544 προθυμοτάτοισι,
391 2467 464 2526 ὥστε
478 2468 621 2528 καὶταῦτα
635 2469 807 2530 ἐσακούειν.”
837 2474 932 2531 Ταῦτα

130 2558 156 2614 οἱ
169 2554 312 2630 Ἀθηναῖοι
326 2554 361 2618 ώς
374 2554 518 2624 ἐπύθοντο,
535 2555 661 2632 ώρμέατο
678 2559 819 2635 βοηθέειν,
834 2558 881 2618 καὶ
895 2559 934 2620 τὰ

128 2641 256 2719 μάλιστα
273 2642 430 2719 ἐπαμύνειν·
459 2645 508 2703 καί
521 2650 577 2720 σφι
599 2643 652 2722 ἤδη
676 2647 825 2727 στείχουσι
846 2649 933 2708 ἐπιτί·

129 2730 222 2790 θενται
242 2731 269 2788 οῖ
288 2729 498 2810 ἀντιταχθέντες
513 2731 659 2808 Ἑλλήνων
678 2738 735 2795 τῶν
754 2735 827 2811 μετοὶ
844 2736 932 2810 βασι·

128 2819 193 2882 λέος
212 2818 373 2901 γενομένων,
395 2820 468 2880 ὥστε
488 2822 587 2897 μηκέτι
610 2821 746 2883 δύνασθαι
773 2824 932 2900 βοηθῆσαι·

130 2908 162 2968 τὰ
179 2908 234 2991 γάρ
250 2908 452 2986 προσκείμενόν
470 2915 562 2985 σφεας
580 2910 688 2971 ἐλύπεε.
732 2910 803 2971 οὕτω
817 2911 850 2986 δή
863 2936 933 2986 μου·

129 2997 257 3060 νωθέντες
280 2996 493 3072 Λακεδαιμόνιοι
518 2999 563 3055 καὶ
586 3003 729 3078 Τεγεῆται,
759 2999 849 3062 ἐόντες
876 2998 934 3059 συν

124 3089 238 3163 ψιλοῖσι
255 3085 376 3167 άριθμόν
390 3089 417 3147 οἱ
431 3087 480 3164 μὲν
493 3086 730 3163 πεντακισμύριοι,
745 3091 882 3168 Τεγεῆται
901 3087 933 3149 δέ

49 3116 66 3247 δ
110 3179 288 3262 τρισχίλιοι·
309 3177 463 3264 αὗταιγὰρ
482 3174 596 3256 οὐδαμὰ
608 3174 797 3251 άπεσγήζοντο
814 3173 870 3229 ‹hrt›
885 3180 940 3228 lxm-

97 3266 308 3350 Κεὸαιμονίων·
337 3268 564 3358 ἐσφαγιάζοντο
583 3263 623 3329 ὣς
641 3256 861 3338 συμβαλέοντες
871 3259 960 3325 mq-
