2024 3450
158 107 189 153 ιι
463 108 647 156 Ἥνοιουοι·
911 107 962 172 [ν.ι

156 183 287 248 λεύοντος
299 183 462 260 Ἀθηναίων,
473 185 562 263 ὀρθῶς
575 185 610 246 άν
624 183 775 264 καλέοιτο)
789 185 916 262 δεύτερον
930 188 961 250 δέ

158 273 204 331 καὶ
218 273 319 349 τρίτον,
335 272 381 332 ὅτε
395 275 441 332 ἐπὶ
455 274 712 350 Πεισιστρατιδέων
727 273 859 341 ἐξέλασιν
872 271 961 352 ὄρμηι

156 361 248 423 θέντες
265 365 294 419 ἐκ
309 361 440 437 Σπάρτης
458 362 602 421 ἀπίκοντο·
622 362 754 437 τέταρτον
774 360 804 419 δὲ
819 359 892 431 τότε,
912 360 960 423 ὅτε

155 453 182 510 ἐς
194 447 345 508 Ἐλευσῖνα
359 450 522 526 Κλεομένης
543 448 618 530 άγων
632 448 881 520 Πελοποννησίους
898 452 958 509 ἐσέ-

153 537 239 611 βαλε.
281 536 351 597 οὕτω
374 539 506 615 τέταρτον
532 536 596 597 τότε
618 536 736 612 Δωριέες
760 536 906 611 ἐσέβαλον
930 543 959 601 ἐς

153 623 283 700 Ἀθήνας.

106 709 143 771 77
197 713 386 774 Διαλυθέντος
407 711 444 770 ὧν
464 715 516 771 τοῦ
537 710 645 770 στόλου
663 708 763 770 τούτου
783 709 898 781 α’κλεῦς,
916 718 956 771 ἐν·

153 799 242 859 θαῦτα
254 798 399 874 Ἀθηναῖοι
412 798 558 858 τίννυσθαι
571 797 752 874 βουλόμενοι,
764 803 861 875 πριῦτα
870 824 957 875 στρα·

151 887 232 960 τηίην
249 889 392 944 ποιεῦνται
415 885 461 944 ε’πὶ
482 884 651 948 Χαλκιδέας·
678 886 796 944 Βοιωτοὶ
822 885 852 944 δέ
877 889 957 948 τοῖσι

152 973 327 1032 Χαλκιδεῦσι
339 973 496 1047 βοηθέουσι
510 972 555 1030 ἐπὶ
568 970 619 1031 τάν
630 972 764 1049 Εὔριπον·
777 971 957 1050 Ἀθηναίοισι

151 1058 181 1117 δὲ
199 1059 290 1118 ἰδοῦσι
306 1060 370 1122 τοῦς
388 1058 514 1136 βοηθούς
533 1059 608 1128 ἔδοξε
623 1059 761 1136 πρότερον
776 1063 854 1120 τοῖσι
868 1067 953 1121 Βοιω-

150 1150 228 1205 τοῖσι
241 1145 259 1222 ή
271 1151 348 1207 τοῖσι
363 1147 537 1207 Χαλκιδεῦσι
551 1147 722 1226 ἐπιχειρέειν·
745 1148 957 1224 συμβάλλουσί

153 1259 185 1292 τε
203 1234 237 1310 δή
256 1238 332 1295 τοῖσι
346 1239 495 1295 Βοιωτοῖσι
516 1238 543 1295 οῖ
558 1235 708 1311 Ἀθηναῖοι,
724 1237 770 1294 καὶ
790 1239 890 1316 πολλῷ
911 1241 953 1296 ε’κ-

149 1322 286 1398 ράτησαν·
309 1323 396 1401 κάρτα
419 1324 447 1383 δὲ
469 1322 597 1386 πολλοῦς
616 1324 813 1398 φονεύσαντες,
836 1327 952 1384 ἑπτακο-

150 1412 229 1476 σίους
243 1411 333 1472 αὐτῶν
354 1410 524 1493 ἐζώγρησαν.
565 1415 615 1487 τῆς
629 1411 659 1470 δέ
672 1411 757 1486 αὐτῆς
770 1410 872 1487 ταύτης
884 1411 952 1489 ἡμέ-

147 1524 198 1576 ρης
220 1504 247 1561 οἱ
267 1499 411 1578 Ἀθηναῖοι
428 1500 577 1578 διαβάντες
599 1504 627 1564 ἐς
646 1500 699 1575 τήν
720 1498 855 1574 Εὔβοιαν,
879 1525 950 1577 συμ-

147 1587 296 1662 βάλλουσι
316 1589 362 1649 καὶ
380 1593 458 1650 τοῖσι
471 1589 655 1649 Χαλκιδεῦσι·
677 1589 839 1664 νικήσαντες
855 1588 885 1647 δὲ
904 1589 951 1648 καὶ

150 1675 269 1747 τούτους,
283 1679 525 1756 τετρακισχιλίους
539 1675 712 1756 κληρούχους
726 1675 771 1734 ἐπὶ
791 1679 846 1734 τῶν
868 1677 949 1735 ἱππο-

150 1763 258 1836 βοτέων
274 1769 310 1841 τῇ
328 1764 407 1842 χάρη
425 1767 565 1824 λείπουσι·
588 1764 660 1823 οἶδὲ
679 1763 834 1839 ἱπποβόται
854 1766 949 1822 ἐκαλέ-

149 1874 213 1907 οντο
231 1852 257 1907 οἶ
269 1851 372 1928 παχέες
384 1853 440 1909 τῶν
453 1851 624 1910 Χαλκιδέων·
646 1850 730 1914 ὅσους
744 1853 772 1910 δὲ
786 1851 832 1910 καὶ
844 1849 949 1913 τούτων

77 2000 79 2005 ,
148 1934 318 2016 ἐζώγρησαν,
333 1934 391 2012 άμα
404 1940 481 1995 τοῖσι
494 1941 623 1997 Βοιωτῶν
636 1939 851 2018 ἐζωγρημένοισι
872 1939 950 2018 εἶχον

148 2028 178 2083 ἐν
200 2027 325 2104 φυλακῇ,
345 2028 375 2084 ἐν
395 2023 491 2087 πέδαις
513 2023 657 2099 δήσαντες·
678 2025 769 2106 χρόνῳ
791 2027 821 2086 δὲ
841 2027 946 2087 ἔλυσάν

146 2118 238 2187 σφεας
252 2111 366 2189 διμνέως
375 2111 629 2187 ἀποτιμησάμενοι·
643 2111 693 2175 τάς
706 2114 735 2172 δὲ
749 2115 834 2177 πέδας
848 2113 946 2186 αι’ντιῦν,

136 2203 177 2259 -ἐν
194 2204 263 2277 τῇσι
288 2199 422 2267 ἐδεδέατο,
444 2197 639 2274 α’νεκρέμασαν
660 2205 687 2262 ἐς
707 2200 759 2274 τήν
781 2200 947 2277 ἀκρόπολιν·

145 2285 226 2361 αἵπερ
249 2285 298 2344 ἐτι
311 2285 358 2343 καὶ
376 2290 404 2347 ἐς
424 2286 473 2361 ε’μέ
492 2284 568 2360 ἦσαν
587 2289 757 2362 περιεοῦσαι,
777 2287 947 2362 κρεμάμεναι

144 2375 174 2430 ἐκ
194 2370 308 2449 τειχέων
321 2373 607 2448 περιπεφλευσμένων
621 2372 688 2448 πυρὶ
701 2371 756 2430 ῦπῦ
769 2374 820 2430 τοῦ
833 2374 946 2448 Μήδου·

143 2459 238 2519 ἀντίον
253 2458 284 2518 δὲ
298 2464 349 2521 τοῦ
366 2459 490 2541 μεγάρου
506 2463 557 2520 τοῦ
575 2458 645 2537 πρῦς
659 2458 780 2535 ἕσπέρην
792 2467 946 2539 τετραμμέ-

145 2572 194 2605 νου
213 2547 259 2605 καὶ
271 2550 327 2608 τιῦν
339 2546 448 2625 λύτρων
460 2546 513 2625 τήν
528 2546 646 2624 δεκάτην
666 2545 811 2623 ἀνέθηκαν,
824 2552 944 2624 ποιησά-

140 2658 220 2710 μενοι
239 2634 394 2710 τέθριππον
413 2636 547 2714 χάλκεον·
573 2635 607 2696 τῦ
629 2636 660 2696 δέ
685 2634 835 2714 ἀριστερῆς
860 2638 945 2715 χερῦς

144 2722 245 2797 ἕστηκε
266 2725 378 2799 πρῶτον
399 2722 504 2786 ε’σιάντι
524 2729 552 2788 ἐς
571 2723 608 2785 τά
627 2721 790 2802 προπύλαια
807 2722 844 2784 τά
861 2728 890 2784 ἐν
906 2727 943 2802 τῇ
988 2756 992 2767 ·

143 2806 290 2888 ἀκροπόλι,
312 2810 513 2893 ἐπιγέγραπται
534 2813 566 2871 δέ
585 2814 613 2871 οἶ
632 2810 709 2872 τάδε·

215 2939 305 2989 'Rom
322 2943 433 2990 Βοιωτῶν
450 2943 489 2990 καὶ
506 2943 646 3012 Χαλκιδέων
663 2942 813 3002 δαμάσαντες

253 3016 337 3063 παῖδες
347 3014 480 3073 Ἀθηναίων
496 3016 618 3077 ἔργμασιν·
629 3016 660 3063 ἐν.
671 3014 785 3074 πολέμου,

219 3087 301 3146 δεσμηῖ
312 3087 338 3134 ἐν
355 3087 483 3146 ἀχλυόεντι
499 3087 601 3148 σιδηρέῳ
618 3085 724 3149 ἔσβεσαν
740 3085 817 3149 ὕβριν·

250 3161 300 3206 τῶν
315 3161 405 3208 ἱππονς
421 3159 523 3218 δεκάτην
540 3160 654 3222 Παλλάδι
669 3157 738 3206 τάσδ’
755 3159 847 3205 ἔθεσαν·

64 3255 81 3276 ν
113 3259 120 3277 ’
698 3271 711 3285 a
751 3267 762 3287 x
812 3262 822 3280 ’Δ
895 3263 905 3283 s
927 3266 940 3288 (ε

76 3261 261 3338 ὃθθθναῖ-θι
282 3271 345 3346 μέν
369 3299 422 3332 νυν
445 3272 582 3353 ηὔξηντο.
625 3265 768 3346 δηλοι-δε
793 3288 827 3321 ου
850 3292 900 3337 κατ
932 3288 959 3335 εν
