2024 3450
131 117 177 164 ιοι
434 108 615 158 Ἠυοιοτοτ
870 110 934 178 [tx.

130 193 225 269 βαζος.
267 185 519 266 μεταπεμψάμενος
546 185 583 247 ὧν
607 188 673 252 τούς
691 190 863 270 ταξιάρχους
881 197 937 254 τῶν

130 279 231 340 τελέων
252 277 297 335 καὶ
317 279 371 336 τῶν
390 274 450 353 μετ’
467 279 567 336 ἑωυτοῦ
589 275 688 336 ε’όντων
704 275 852 353 Ἑλλήνων
871 281 938 345 τοάς

131 364 313 445 στροτηγοῦς,
325 363 423 442 εἰρώτα
432 365 457 424 εί
466 390 493 424 τι
503 365 597 423 εἰδεῖεν
606 362 705 445 λόγιον
715 365 780 442 περὶ
791 370 937 444 Περσέων,

132 452 169 516 οἷς
186 452 398 530 διαφθερέονται
419 457 448 512 έν
463 456 499 531 τῇ
516 450 652 520 Ἐλλάδα
674 451 817 533 σιγώντων
834 455 866 514 δὲ
880 460 939 516 τῶν

133 542 295 617 ἐπικλήτων,
309 545 364 602 τῶν
376 544 428 618 μὲν
441 539 490 599 οὐκ
507 540 618 599 εἰδότων
633 539 698 603 τοός
710 543 868 620 χρησμοάς,
882 549 939 605 τῶν

132 629 162 688 δὲ
176 628 286 690 εἰδότων
298 632 350 706 μὲν
361 634 389 689 ἐν
402 627 479 706 ἀδείῃ
498 627 527 686 δὲ
544 626 576 686 οὖ
594 629 763 704 ποιευμένων
779 628 813 690 τό
832 632 939 712 λέγειν,

132 717 215 780 οὗτός
235 715 393 794 Μαρδόνιος
414 710 502 797 ἔλεγε·
524 716 610 774 “ε’πεὶ
630 717 723 776 τοίνυν
743 716 821 793 ἀρεῖς
838 717 858 794 ἢ
875 721 939 779 ἴστε

134 801 219 876 οὐδὲν,
241 804 259 880 ἢ
280 800 312 864 οὗ
332 808 457 880 τολμᾶτε
478 804 580 884 λέγειν,
602 801 668 861 ἀλλ’
688 803 743 885 ἕγά
763 805 830 882 ε’ρέω
852 806 888 869 οἷς
908 807 939 866 εὖ

134 892 326 969 ε’πιστάμενος·
357 893 417 950 ἔστι
441 891 539 971 λόγιον
562 889 598 953 ἀς
623 889 706 968 χρεόν
733 895 794 951 ε’στι
818 893 940 970 Πέρσας

134 979 316 1053 ἀπικομένους
337 983 365 1041 ἐς
385 978 437 1054 τήν
454 977 589 1048 Ἐλλάδα,
603 977 757 1055 διαρπάσαι
775 979 809 1040 τό
827 980 889 1058 ἱρόν
903 982 939 1043 τό

134 1071 163 1125 ε’ν
190 1069 341 1140 Δελφοῖσι,
363 1065 435 1141 μετά
458 1064 488 1123 δὲ
514 1066 566 1141 τήν
592 1065 749 1147 διαρπαγήν
774 1066 939 1130 ἀπολέσθαι

134 1152 247 1215 πάντας.
288 1151 370 1229 ήμεῖς
382 1154 481 1226 τοίνυν,
496 1153 563 1214 αάτδ
577 1157 660 1214 τοῦτο
673 1153 863 1231 ε’πιστάμενοι,
874 1156 940 1217 οὔτε

135 1243 196 1320 ’ίμεν
204 1242 250 1301 ε’πὶ
262 1240 295 1300 τό
310 1240 369 1318 ίράν
377 1245 460 1301 τοῦτο
469 1240 532 1300 οὕτε
542 1240 756 1320 ἐπιχειρήσομεν
766 1242 938 1321 διαρπάζειν·

134 1330 235 1406 ταύτης
247 1354 279 1390 τε
293 1329 382 1389 εἵνεκα
395 1333 445 1406 τῆς
459 1330 547 1405 αἰτίης
564 1328 614 1390 οὐκ
633 1328 821 1407 ἀπολεόμεθα.
865 1330 939 1391 ὥστε

134 1417 223 1493 ὑμέων
254 1415 319 1478 ὅσοι
345 1417 516 1498 τυγχάνουσι
548 1417 638 1476 εὔνοοι
671 1417 761 1480 ε’όντες
791 1417 936 1496 Πέρσησι,

134 1505 236 1581 ἥδεσθε
256 1506 337 1565 τοῦδε
355 1506 452 1576 εἵνεκα,
473 1504 508 1568 ὦς
529 1505 742 1581 περιεσομένους
763 1503 851 1581 ήμέας
871 1504 938 1564 Ἑλ-

135 1591 251 1669 λήνων.”
287 1592 375 1654 ταῦτά
388 1600 445 1668 σφι
459 1594 545 1661 εἶπας,
559 1592 670 1668 δεύτερα
684 1590 817 1667 ἐσήμαινε
830 1617 938 1669 παρορ-

134 1680 251 1741 τέεσθαί
268 1707 299 1740 τε
320 1680 412 1740 πάντα
433 1679 479 1739 καὶ
501 1678 624 1757 εὐκρινέα
644 1677 797 1748 ποιέεσθαι,
821 1677 858 1741 οἷς
879 1678 940 1757 ἅμα

134 1767 223 1845 ήμέρη
237 1771 273 1844 τῇ
287 1767 405 1846 ἐπιούσῃ
418 1768 571 1845 συμβολῆς
587 1766 728 1841 ἐσομένης.

87 1856 127 1914 43
176 1857 281 1912 Τοῦτον
295 1853 317 1911 δ’
332 1855 418 1934 ἔγωγε
431 1855 480 1914 τόν
493 1853 624 1932 χρησμόν
641 1852 690 1912 τόν
704 1851 863 1929 Μαρδόνιος
877 1854 938 1915 εἶπε

136 1946 163 2004 ἐς
176 1942 291 2019 Πέρσας
304 1942 385 2021 ἔχειν,
400 1946 427 2005 ές
439 1940 594 2018 Ἰλλυριούς
606 1966 636 2000 τε
655 1939 701 1998 καὶ
717 1936 767 1999 τόν
779 1938 940 2019 Ἑγχέλεων

135 2030 258 2108 στρατόν
284 2030 347 2090 οἴδα
372 2029 567 2106 πεποιημένον,
594 2026 660 2086 ἀλλ’
686 2025 736 2086 οάκ
760 2031 787 2091 ἔς
811 2029 938 2105 Πέρσας.

136 2119 212 2178 ἀλλά
238 2119 274 2179 τά
298 2123 350 2197 μὲν
373 2117 474 2178 Βάκιδί
498 2123 560 2177 ε’στι
584 2120 611 2180 ἔς
637 2114 739 2192 ταύτην
764 2113 817 2192 τήν
842 2115 940 2194 μάχην

135 2207 317 2282 πεποιημένα·

183 2333 227 2388 τὴν
245 2331 263 2377 δ’
280 2332 320 2378 ἐπὶ
336 2332 488 2390 Θερμώδοντι
506 2331 545 2377 καί
559 2331 667 2392 Ἀσωπῷ
683 2332 800 2393 λεχεποίῃ

180 2394 303 2459 Ἐλλήνων
320 2403 422 2460 σύνοδον,
444 2403 483 2449 καί
499 2403 690 2464 βαρβαρόφωνον
706 2405 783 2464 ἱϋγήν

183 2475 217 2534 τῇ
232 2473 321 2520 πολλοὶ
338 2473 466 2521 πεσέονται
484 2474 543 2535 ὑπὲρ
560 2475 668 2534 Λάχεσίν
684 2493 711 2522 τε
727 2476 799 2536 μόρον
814 2493 842 2524 τε

183 2544 319 2606 τοξοφόρων
336 2545 433 2605 Μήδων,
452 2547 509 2594 ὅταν
528 2546 622 2604 αἴσιμον
638 2545 704 2608 ἦμαρ
721 2548 821 2607 ἐπέλθῃ.

135 2639 223 2696 ταῦτα
234 2639 287 2712 μὲν
301 2636 346 2695 καὶ
360 2637 547 2714 παραπλήσια
560 2637 687 2697 τούτοισι
700 2636 777 2697 ἀλλα
788 2641 940 2700 Μουσαίου

135 2724 234 2801 ἔχοντα
257 2723 319 2783 οἶδα
340 2726 516 2808 ε’ςοΠέρσας·
542 2723 558 2783 ἀ
583 2724 612 2783 δὲ
631 2724 789 2803 ’Θερμώδων
809 2726 940 2803 ποταμός

135 2813 190 2888 ῥέει
203 2810 306 2889 perch)
320 2810 464 2892 Τανάγρης
476 2839 507 2872 τε
521 2813 568 2871 καὶ
581 2811 747 2876 Γλίσαντος.

87 2902 127 2959 44
176 2900 257 2961 Μετά
276 2900 306 2960 δὲ
322 2899 374 2976 τήν
392 2899 573 2976 ἐπειρώτησιν
590 2904 645 2960 τάν
657 2905 794 2980 χρησμῶν
808 2900 854 2960 καὶ
867 2924 939 2976 παρ-

136 2990 241 3050 αίνεσιν
260 2988 311 3064 τήν
332 2992 362 3046 ἐκ
382 2988 550 3064 Μαρδονίου,
575 2987 625 3057 νύξ
650 3014 681 3047 τε
708 2989 814 3069 ἐγίνετο
837 2985 884 3046 καὶ
911 2990 940 3049 ές

132 3077 264 3154 φυλακάς
297 3075 463 3138 έτάσσοντο.
504 3074 540 3138 ἀς
565 3074 595 3134 δὲ
625 3074 723 3152 πρόσω
757 3079 807 3151 τῆς
841 3071 939 3136 νυκτός

67 3144 87 3229 λ
120 3168 318 3249 προελήλατο,
340 3167 390 3230 καὶ
408 3164 518 3249 ήσυχίη
539 3163 633 3225 ἐδόκεε
650 3161 722 3222 εἶναι
739 3161 794 3219 ἀντὶ
808 3161 846 3217 τὲ
861 3185 943 3229 στρα-

119 3255 220 3321 vine&
252 3262 304 3323 καὶ
332 3261 476 3341 μάλιστα
501 3259 532 3318 οἱ
561 3251 709 3329 ἄνθρωποι
732 3245 805 3303 ελναι
830 3246 858 3297 ἐν
876 3240 966 3309 “mah
