2024 3450
132 109 178 158 112
434 108 617 169 Ἧνοιοτοτ
869 105 930 170 [VI.

35 178 39 185 ¹
134 213 190 265 ρων
207 186 361 266 ἠρέσκοντο
383 190 410 247 οἱ
430 185 476 244 ἀπ’
488 185 628 262 Ἀθηνέων
644 185 799 267 ἀπιγμένοι,
815 186 860 243 καὶ
873 186 934 244 τού-

136 301 189 334 των
205 279 319 351 μᾶλλον
337 274 531 350 Ἱπποκλείδης
549 273 734 350 ὄΤισάνδρου
753 274 799 331 καὶ
817 273 874 331 κατ’
889 273 933 333 α’ν-

137 361 289 442 δραγαθίην
305 363 433 438 ἐκρίνετο,
448 363 493 419 καὶ
507 360 551 421 ὅτι
563 360 599 421 τοὶ
612 360 728 420 ἆνέκαθε
741 365 817 419 τοῖσι
835 365 863 419 ἐν
878 367 935 420 Κο-

90 451 147 507 129
155 451 240 528 ρίνθῳ
254 449 433 528 Κυψελίδῃσι
449 448 485 524 ἦν
502 449 658 527 προσήκων.
701 447 750 512 Ὡς
771 449 800 507 δὲ
817 448 834 523 ἡ
856 451 934 525 κυρίη

137 537 245 616 ἐγένετο
264 540 319 597 τῶν
337 530 460 614 ἡμερέων
477 541 527 613 πῆς
543 563 574 597 τε
587 537 767 599 κατακλίσιος
780 539 829 601 τοῦ
842 535 935 616 γάμου

136 625 182 682 καὶ
196 624 332 701 ἐκφάσιος
345 623 429 684 αὐτοῦ
444 625 638 693 Κλεισθένεος,
651 623 701 683 πδν
719 625 806 701 κρίνοι
822 627 851 681 ἐκ
867 624 934 682 πάν-

135 737 197 782 των,
213 711 301 774 θύσας
313 714 385 788 βοῦς
399 712 497 772 έκατὸν
509 711 524 772 ὁ
536 711 710 787 Κλεισθένης
724 711 823 789 εὐώχεε
836 709 935 774 αὐτούς

135 825 166 859 τε
183 798 248 862 πούς
265 802 429 876 μνηστῆρας
448 800 494 858 καὶ
510 798 575 862 τούς
589 798 751 864 Σικυωνίους
766 797 880 860 πάντας·
900 799 935 862 οἷς

136 885 166 945 δέ
187 886 243 946 α’ττδ
266 886 377 946 δείπνου
400 887 534 967 ἐγένοντο,
554 890 581 945 οἱ
601 890 759 963 μνηστῆρες
781 887 837 961 ἔριν
859 886 935 964 εἶχον

136 973 214 1050 ἀμφί
234 999 265 1032 πε
287 977 411 1051 μουσικῆ
436 975 481 1032 καὶ
502 977 540 1052 τῷ
564 974 704 1054 λεγομένῳ
729 979 755 1035 ἐς
777 973 810 1032 τά
834 975 933 1048 μέσον·

135 1060 288 1137 προϊούσης
308 1061 337 1119 δὲ
356 1065 407 1135 τῆς
424 1061 532 1130 πόσιος,
548 1062 669 1139 κατέχων
682 1060 794 1120 πολλὸν
806 1059 872 1124 πούς
885 1061 933 1119 ἅλ-

136 1149 203 1211 λους
216 1147 232 1207 ὁ
244 1147 447 1224 Ἱπποκλείδης,
463 1149 572 1207 ἐκέλευέ
592 1152 618 1207 οἱ
637 1147 687 1207 πδν
708 1147 833 1224 αύλητῆν
848 1149 934 1223 αὐλῆ-

137 1261 186 1293 σαι
207 1237 366 1312 ἐμμέλευαν·
391 1235 556 1312 πειθομένου
578 1235 607 1294 δὲ
628 1239 678 1294 τοῦ
696 1234 829 1311 αὐλητέω,
851 1235 935 1314 ὀρχή-

136 1347 223 1400 σατρ·
252 1322 300 1382 καί
319 1350 371 1386 κως
393 1325 481 1403 ἑωυτῷ
501 1326 553 1401 μὲν
576 1323 699 1401 ἀρεστῶς
723 1322 845 1402 ὀρχέετο,
867 1324 883 1382 ὁ
905 1326 935 1384 δὲ

136 1412 311 1488 Κλεισθένης
324 1411 409 1489 ὁρέων
427 1410 495 1472 ὅλον
512 1410 546 1472 w*
565 1414 682 1493 πρῆγμα
695 1411 842 1470 ύπόπτευε·
862 1409 934 1488 μετά

136 1498 174 1569 δὲ,
185 1499 336 1579 ἐπισχῶνό
350 1499 544 1577 Ἱπποκλείδης
552 1501 662 1579 χρόνον,
674 1501 784 1558 ἐκέλευέ
795 1527 856 1560 τινα
869 1500 934 1578 πρά-

136 1587 221 1658 πεζαν
234 1592 378 1648 ἐσενεῖκαι·
393 1587 566 1666 ἐσελθούσης
580 1589 610 1648 δὲ
622 1592 672 1664 τῆς
684 1589 829 1666 τραπέζης,
838 1592 935 1665 πρῶτα

136 1677 188 1751 μὲν
204 1673 245 1734 ἐπ’
260 1675 344 1752 αὐτῆς
360 1675 505 1756 ὀρχήσατο
522 1675 668 1736 Λακωνικά
690 1675 843 1754 σχημάτια·
864 1676 935 1753 μετά

137 1763 174 1831 δέ,
189 1762 266 1823 ἅλλα
279 1763 402 1824 Ἀττικά·
422 1763 455 1824 τά
477 1766 571 1841 τρίτον
592 1765 630 1834 δὲ,
646 1763 698 1839 πῆν
720 1762 848 1839 κεφαλὴν
868 1765 934 1841 ἐρεί-

137 1875 191 1911 σας
204 1850 249 1907 ἐπὶ
263 1848 315 1925 τῆν
332 1850 472 1926 τράπεζαν
492 1856 568 1911 τοῖσι
587 1852 705 1911 σκέλεσι
726 1852 933 1929 ἐχειρονόμησε·

138 1935 312 2011 Κλεισθένης
325 1938 362 2006 δὲ,
376 1938 412 1996 τά
425 1941 476 2014 μὲν
489 1943 585 2014 πρῶτα
599 1940 645 1998 καὶ
658 1938 693 1999 τοὶ
712 1939 825 2016 δεύτερα
838 1939 934 2018 ὀρχεο-

134 2023 220 2099 μένου
238 2022 419 2105 ἀποστυγέων
435 2025 568 2105 γαμβρὸν
588 2025 622 2086 ἅν
643 2030 669 2085 οἱ
683 2027 722 2086 ἔτι
734 2028 865 2107 γενέσθαι
877 2027 934 2086 Ἱπ·

136 2112 292 2183 ποκλείδεα,
315 2113 360 2172 διά
381 2112 432 2188 τήν
453 2138 483 2170 τε
504 2111 624 2192 ὄρχησιν
646 2116 692 2173 καὶ
712 2115 764 2191 τῆν
787 2113 932 2191 ἀναιδείην,

136 2204 246 2279 κατεῖχε
268 2199 366 2260 ἐωυτδν
387 2199 419 2258 ού
433 2201 608 2277 βουλόμενος
624 2207 773 2283 ἐκραγῆναι
794 2208 822 2266 ἐς
840 2202 933 2263 αὐτόν·

138 2286 174 2349 ὦς
197 2288 226 2346 δὲ
249 2288 303 2346 εἶδε
325 2291 402 2346 τοῖσι
426 2288 544 2347 σκέλεσι
566 2290 816 2367 χειρονομήσαντα,
843 2291 935 2351 οὐκέτι

136 2375 262 2452 κατέχειν
282 2374 430 2451 δυνάμενος
451 2375 519 2434 εἶπε·
541 2377 588 2435 “03
604 2381 657 2436 παῖ
671 2377 834 2456 Τισάνδρου,
849 2376 935 2455 α’πορ-

135 2460 231 2540 χήσαό
249 2488 282 2542 γε
299 2461 356 2538 μῆν
373 2461 423 2522 τδν
440 2462 557 2544 γάμον·”
579 2464 594 2525 ὁ
613 2465 643 2524 δὲ
655 2464 848 2541 Ἱπποκλείδης
867 2465 934 2526 ύπο-

92 2547 147 2608 130
158 2549 258 2626 λαβών
273 2550 341 2609 εἷπε·
362 2560 380 2585 “
389 2550 421 2610 ού
432 2553 547 2628 φροντὶς
555 2551 761 2632 Ἱπποκλείδη.”
803 2553 858 2614 α’πδ
872 2553 935 2614 τού·

136 2662 187 2695 που
207 2639 258 2712 μὲν
278 2643 360 2698 τοῦτο
381 2637 571 2716 ούνομάζεται.
613 2642 787 2717 Κλεισθένης
803 2643 833 2701 δὲ
850 2642 935 2722 σιγῆν

135 2724 332 2800 ποιησάμενος,
354 2727 429 2796 ἔλεξε
448 2733 475 2791 ἐς
492 2729 582 2805 μέσον
601 2729 676 2789 τάδε·
699 2728 819 2806 *(άνδρες
835 2731 935 2794 παιδός

134 2813 185 2886 τῆς
199 2815 266 2887 ε’μῆς
278 2818 442 2891 μνηστῆρες,
459 2815 512 2895 ἐγω
529 2816 574 2875 καὶ
589 2816 694 2880 πάντας
707 2817 792 2893 ύμέας
809 2819 933 2887 ἐπαινέω,

135 2899 181 2957 καὶ
199 2903 287 2959 πᾶσιν
308 2900 381 2977 ύμῖν,
396 2905 419 2961 εἰ
437 2901 545 2964 οἷόντε
566 2905 616 2981 εἴη,
630 2905 795 2984 χαριζοίμην
812 2904 854 2975 ἂν,
869 2905 933 2982 μήτ’

122 2985 171 3040 ἕνα
195 2986 290 3063 υμέων
311 2989 453 3068 ἐξαιρετον
474 2988 629 3071 ἀποκρίνων
647 2991 716 3070 μήτε
735 2993 799 3056 τούς
817 2994 934 3056 λοιπούς

103 3065 342 3149 α’ποὸοκηιαῖων·
365 3079 436 3142 αλλ’
454 3080 487 3144 ού
510 3081 567 3166 γάρ
592 3081 639 3144 οἷά
660 3082 694 3142 τέ
715 3086 780 3140 ἐστι
801 3085 866 3155 μιῆς
879 3082 945 3154 πἐρι

88 3156 243 3258 ’ςαρθένου
252 3169 455 3242 βουλεύοντα
476 3178 557 3236 πᾶσι
575 3172 652 3235 κατὰ
666 3169 734 3234 νύον
749 3168 870 3235 ποιέειν,
881 3169 963 3222 τοῖσι

62 3249 130 3293 ‘⁴⁴⁶¹‘
143 3245 249 3314 υμέων
263 3255 560 3346 α’πελαυνομένοισι
572 3263 666 3328 τοῦδε
679 3264 735 3324 πού
748 3254 848 3340 γάμου
870 3249 978 3311 τύλαν-
