2024 3450
78 107 215 172 142-145]
389 109 576 159 ΠΟΛΤΜΝῙΑ.
831 107 876 160 177

75 188 108 249 τδ
126 188 218 266 ὀρθόν,
232 187 298 248 ἀλλ’
317 188 366 248 ούκ
386 194 414 253 ἐς
428 189 600 266 Ἀθηναίους,
613 189 878 269 παρασκευόζεσθαι

76 276 114 337 ὧν
126 276 224 341 αύτούς
234 276 270 341 ὥς
279 276 511 356 ναυμαχήσοντας
521 279 718 354 συνεβούλευε,
730 277 765 342 ὦς
777 278 878 339 τούτου

76 363 168 428 ε’ύντος
187 368 237 424 τοῦ
261 364 373 434 ξυλίνου
399 365 514 443 τείχεος.
555 364 642 442 ταύτῃ
668 366 877 443 Θεμιστοκλέος

75 451 309 528 ἀποφαινομένου,
326 452 471 527 Ἀθηναῖοι
488 451 576 511 ταῦτά
592 457 649 526 σφι
666 454 788 532 ἔγνωσαν
805 455 876 529 αἱρε-

75 539 179 616 τώτερα
194 540 263 598 εἶναι
275 543 388 614 μᾶλλον
400 536 419 613 ἢ
432 537 468 597 τά
481 543 536 598 τῶν
549 538 766 619 χρησμολόγων·
789 538 815 597 οἳ
829 539 877 597 ούκ

76 627 126 685 ἔων
144 626 299 704 ναυμαχίην
317 624 475 702 ἀρτέεσθαι,
489 626 522 685 τδ
541 627 572 685 δὲ
591 625 706 701 σύμπαν
717 626 800 694 εἶναι,
815 625 879 684 οὐδὲ

75 718 170 792 χεῖρας
197 713 391 789 ἀνταείρεσθαι
418 712 496 772 ἀλλά
522 712 686 776 ἐκλιπόντας
709 703 804 792 χώρην
827 713 878 788 τήν

75 799 205 875 Ἀττικήν
213 799 304 876 ἀλλην
311 800 373 859 τινά
382 802 501 873 οἰκίζειν.
522 800 621 879 Ἐτέρη
630 828 661 862 τε
671 801 860 878 Θεμιστοκλέῖ
869 802 925 860 144

75 886 172 966 γνώμη
194 889 338 964 ἔμπροσθε
358 887 460 965 ταύτης
482 895 509 954 ἐς
530 889 805 970 καιράνιήρίστευσε·
833 887 879 948 ὅτε

75 973 249 1049 Ἀθηναίοισι
276 976 429 1055 γενομένων
455 976 605 1058 χρημάτων
627 976 770 1057 μεγόλωνῑ
786 981 814 1036 έν
840 981 879 1056 τῷ
912 1037 914 1041 ,

76 1066 163 1142 κοινῷ,
177 1062 212 1123 τοὶ
226 1068 256 1122 ἐκ
269 1066 323 1122 τῶν
341 1062 491 1140 μετάλλων
507 1070 563 1140 σφι
582 1065 729 1141 προσῆλθε
747 1066 802 1124 τῶν
820 1063 877 1125 ἀπό

74 1151 218 1229 Λαυρείου,
236 1152 356 1229 ἔμελλον
377 1151 516 1223 λάξεσθαι
532 1153 653 1231 ἀρχηδὸν
674 1155 791 1216 ἕκαστος
812 1154 877 1213 δέκα

74 1239 208 1320 δραχμάς·
235 1240 298 1302 τότε
318 1243 527 1318 Θεμιστοκλέης
547 1241 685 1322 ἀνέγνωσε
704 1241 876 1320 Ἀθηναίους,

73 1330 123 1403 τῆς
149 1329 298 1406 διαιρέσιος
332 1327 433 1404 ταύτης
461 1329 657 1404 παυσαμένους
684 1326 877 1390 νέαςτούτων

73 1420 129 1476 τῶν
141 1417 291 1494 χρημάτων
304 1414 481 1490 ποιήσασθαι
492 1415 644 1490 διηκοσίας,
656 1419 683 1476 ἐς
692 1414 742 1472 τάν
752 1411 878 1488 πόλεμον

74 1502 123 1561 τάν
146 1504 215 1577 πρός
238 1500 387 1581 Αἰγινήτας
409 1502 509 1582 λέγων·
539 1498 618 1563 οὗτος
638 1500 694 1580 γάρ
716 1499 732 1559 o‘
753 1497 878 1576 πόλεμος

76 1590 183 1650 συστάς
200 1590 289 1647 ἔσωσε
305 1588 369 1648 τότε
381 1588 433 1664 τὴν
445 1588 580 1660 Ἑλλάδα,
596 1586 756 1666 ἀναγκάσας
770 1587 878 1647 θαλασ-

76 1675 154 1742 σίους
167 1673 496 1756 γενέσθαιἈθηναίους·’
508 1677 537 1732 αἶ
550 1674 580 1732 δὲ
593 1679 620 1736 ές
633 1673 665 1732 τό
678 1676 730 1749 μὲν
744 1672 874 1750 ἐποιήθη-

77 1787 132 1821 σαν
152 1761 202 1821 ούκ
216 1761 427 1844 ἐχρήσθησαν»
442 1767 469 1825 ἔς
483 1762 553 1829 Ιδέον
570 1762 600 1820 δὲ
617 1760 687 1819 οὕτω
700 1765 739 1840 τῇ
759 1760 878 1821 Ἑλλάδι

77 1849 230 1930 ἐγένοντο»
254 1847 337 1910 αὗταί
356 1876 387 1909 τε
424 1850 443 1926 ἡ
466 1852 494 1908 αἱ
516 1850 574 1913 νέες
599 1853 676 1909 τοῖσι
702 1848 877 1924 Ἀθηναίοισι

75 1940 292 2016 προποιηθεῖσαι
311 1937 446 2018 ὑπῆρχον,
461 1939 554 2014 ἑτέρας
572 1964 604 1997 τε
625 1938 681 1996 ἔδεε
699 1963 876 2013 προσναυπη-

75 2026 200 2107 γέεσθαι·
221 2026 299 2096 ἔδοξέ
309 2053 340 2086 τε
354 2033 418 2102 σφι,
428 2027 499 2104 μετά
512 2024 551 2091 τὸΙ
556 2023 729 2104 χρηστήριον
742 2026 877 2100 βουλευο·

75 2115 194 2191 μένοισι,
219 2114 332 2175 ε’πιόντα
359 2114 405 2174 ε’πὶ
420 2113 483 2190 ,τήν
502 2113 630 2174 Ἐλλάδα
656 2114 705 2174 τόν
726 2111 878 2190 βόρβορον

76 2202 205 2263 δέκεσθαι
222 2206 291 2282 τῇσι
310 2203 392 2279 νηυσὶ
410 2203 556 2282 πανδημεὶ,
570 2206 608 2282 τῷ
623 2202 676 2281 θεῷ
689 2201 878 2276 πειθομένους,

76 2289 134 2366 ἅμα
159 2291 303 2367 Ἑλλήνων
329 2294 414 2352 τοῖσι
434 2291 648 2368 βουλομένοισι.
698 2288 734 2349 τά
760 2291 811 2363 μὲν
844 2288 878 2365 δή

77 2378 234 2458 χρηστήρια
246 2383 334 2440 ταῦτα
346 2383 423 2441 τοῖσί
434 2380 610 2456 Ἀθηναίοισι
624 2377 758 2460 ἐγεγόνεε.Ι
771 2435 775 2441 ,
807 2434 809 2440 .

110 2468 327 2548 Συλλεγομένων
340 2469 370 2527 δὲ
384 2475 411 2531 ές
423 2467 511 2529 τάυτά
525 2472 581 2528 τῶν
595 2467 658 2543 περὶ
671 2465 723 2540 τήν
732 2465 858 2529 Ἑλλάδα
869 2465 926 2522 145

78 2553 343 2629 Ἑλλήνωντῶντά
359 2555 460 2631 ἀμείνω
482 2554 663 2631 φρονεόντων,
686 2554 731 2612 καὶ
752 2552 880 2612 διδόντων

77 2642 165 2714 σφίσι
180 2641 268 2722 λόγον
284 2642 330 2699 καὶ
344 2644 449 2711 πίστιν,
468 2643 586 2701 ἐνθαῦτα
606 2639 696 2699 ἐδόκεε
709 2640 878 2716 βουλευομέ-

77 2754 151 2789 νοισι
166 2728 284 2799 αύτοῖσι,
299 2732 408 2805 πρῶτον
427 2731 483 2806 μὲν,
490 2727 641 2808 χρημάτων
654 2726 764 2787 πάντων
777 2731 879 2786 καταλ·

31 2882 36 2891 .
76 2815 240 2877 λύσσεσθαι
259 2814 309 2878 τάς
328 2841 359 2875 τε
380 2816 481 2896 ἔχθρας
501 2816 546 2874 καὶ
566 2813 631 2879 τούς
651 2812 710 2874 κατ’
734 2813 878 2889 ἀλλήλους

78 2904 173 2968 ἐόντας
196 2905 346 2981 πολέμους·
373 2903 449 2980 ἦσαν
470 2903 499 2960 δὲ
519 2901 589 2979 πρός
608 2927 684 2964 τινας
705 2901 751 2959 καὶ
775 2900 883 2958 ἄλλους

78 2993 281 3072 ἐγκεχρημένοι,
301 2990 317 3052 ό
338 2993 368 3053 δὲ
390 2991 428 3053 ὧν
449 2984 793 3072 μέγιστοςἌδηναίοισί
806 3005 847 3076 τε
858 2979 927 3067 κείς,

70 3079 248 3156 Αἰγινήτῃσι·
275 3080 352 3158 μετὰ
373 3082 413 3152 δὲ,
437 3077 660 3154 πυνθανόμεναι
672 3067 797 3142 *apim
815 3079 873 3152 W,
893 3074 941 3118 m*

61 3168 176 3242 στρατῷ
189 3167 262 3228 εἶναι
278 3174 307 3229 ἐν
324 3170 467 3249 Σάρδισι,
480 3163 723 3246 ἐβουλεύσαντο
741 3145 970 3208 mmmmm

853 3216 859 3236 '
912 3226 932 3260 v
957 3202 993 3250 ὶῖ

50 3245 178 3321 πεθεῖσιν
197 3258 226 3317 ἐς
246 3255 303 3336 τήν
318 3255 439 3334 Ἀσίην
455 3259 520 3314 τῶν
545 3243 713 3330 βασιλέος
724 3233 916 3308 ἮΡἯΨΨ
938 3241 950 3264 ’
