2024 3450
90 107 229 174 ιιι-ιιι]
399 109 583 157 nomm.
843 109 889 161 17³

23 251 27 260 ¹
88 187 201 263 Μήδων,
224 191 350 266 ἔπεμψαν
370 188 458 265 ήμέας
478 188 693 265 Λακεδαιμόνιοι
711 185 773 249 ἀντὶ
787 193 842 250 τῶν
861 195 891 250 έν

89 276 205 354 Σπάρτη
219 276 400 353 ἀπολομένων
414 275 545 353 κηρύκων,
558 277 658 352 ποινήν
676 277 784 337 ἐκείνων
796 277 891 337 τίσον-

87 363 162 426 τας·”
191 366 308 444 λέγουσι
322 365 351 422 δὲ
364 363 475 423 αύτοῖσι
487 368 575 424 ταῦτα
585 365 690 441 Ξέρξης
700 364 754 424 ύπά
767 369 888 446 μεγαλο-

88 451 232 528 φροσύνης
249 449 298 510 οὐκ
315 454 369 527 ἔφη
384 451 482 527 ὁμοῖος
499 452 615 512 ἔσεσθαι
633 452 887 528 Λακεδαιμονίοισι·

88 540 192 601 κείνους
199 541 251 615 μὲν
258 539 313 618 γάρ
325 538 445 620 συγχέαι
452 537 488 598 τά
497 539 606 599 πάντων
614 537 765 615 ἀνθρώπων
774 538 887 616 νόμιμα,

88 625 302 686 ἀποκτείναντας
321 626 448 702 κήρυκας·
478 624 560 689 αὐτός
581 627 611 684 δὲ
631 626 666 684 τά
694 627 808 685 κείνοισι
832 630 888 684 ε’πι-

39 727 41 730 ⁴
88 712 217 787 πλήσσει
234 716 322 771 ταῦτα
333 711 364 772 ού
376 711 513 787 ποιήσειν,
529 712 584 772 οὐδ’
595 712 808 774 ἀνταποκτείνας
822 714 888 772 ε’κεί-

88 825 159 869 νους,
177 798 332 859 ἀπολύσειν
351 800 648 877 Λακεδαιμονίουςτῆς
666 799 762 876 αἰτίης·
786 798 866 859 Οὕτω
877 797 933 860 137

89 885 106 960 ή
127 886 291 962 Ταλθυβίου
311 891 401 964 μῆνις,
422 888 469 946 καὶ
489 891 576 947 ταῦτα
598 887 775 964 ποιησάντων
794 888 887 964 Σπαρ·

88 973 209 1047 τιητέων,
232 974 374 1036 ἐπαύσατο
396 974 430 1036 τό
455 977 618 1052 παραυτίκα,
648 975 746 1053 καίπερ
766 973 886 1034 ἀπονοσέ

88 1059 234 1134 τησάντων,
254 1067 282 1126 ἐς
305 1062 437 1139 Σπάρτην
464 1064 604 1139 Σπερθίεώ
630 1089 661 1123 τε
684 1063 729 1121 καὶ
757 1061 886 1126 Βούλιος·

86 1146 176 1227 χρόνῳ
202 1149 232 1209 δὲ
257 1151 406 1227 μετέπειτα
432 1155 532 1229 πολλῷ
559 1152 707 1232 ἐπηγέρθη,
734 1150 804 1211 κατά
834 1149 885 1231 τόν

89 1238 323 1314 Πελοποννησίων
339 1239 385 1297 καὶ
397 1237 551 1314 Ἀθηναίων
569 1238 703 1314 πόλεμον,
719 1237 754 1300 ὦς
766 1238 885 1317 λέγουσι

86 1324 307 1403 Λακεδαιμόνιοι.
347 1324 431 1385 τοῦτό
451 1351 500 1401 μοι
519 1330 548 1384 έν
564 1330 640 1385 τοῖσι
659 1325 802 1385 θειότατον
820 1325 885 1400 φαί-

86 1438 160 1470 νεται
172 1413 314 1492 γενέσθαι.
325 1484 329 1489 ι
350 1412 394 1472 ὅτι
406 1412 522 1489 μὲνγὰρ
536 1414 694 1490 κατέσκηψε
708 1417 739 1476 ές
748 1411 885 1493 ἀγγέλους

86 1499 104 1571 ή
124 1499 289 1575 Ταλθυβίου
308 1504 398 1575 μῆνις,
418 1498 481 1557 οὐδὲ
497 1497 639 1558 ἐπαύσατο
654 1500 720 1576 πρὶν
737 1498 755 1575 ἢ
775 1499 883 1575 ἐξῆλθε,

86 1587 118 1643 τό
140 1586 245 1645 δίκαιον
267 1584 337 1644 ούτω
360 1587 450 1662 ἔφερε·
482 1586 515 1643 τό
538 1586 567 1643 δὲ
590 1590 746 1661 συμπεσεῖν
768 1592 796 1650 ές
818 1587 883 1651 τούς

87 1673 186 1735 παῖδας
211 1676 266 1731 τῶν
290 1670 397 1747 ἀνδρῶν
420 1670 524 1731 τούτων
548 1677 601 1732 τῶν
625 1673 788 1749 ἀναβάντων
814 1674 884 1751 πρός

86 1759 213 1833 βασιλέα
228 1759 273 1818 διά
290 1759 342 1835 τήν
359 1763 450 1835 μῆνιν,
466 1764 492 1823 ἐς
511 1759 638 1820 Νικόλαν
650 1788 681 1822 τε
693 1761 744 1821 τόν
756 1763 882 1832 Βούλιος,

87 1847 132 1904 καὶ
146 1853 173 1909 ἐς
186 1844 352 1923 Ἀνήριστον
369 1846 419 1907 τόν
436 1849 583 1925 Σπερθίεω,
598 1849 629 1912 ὃς
642 1850 699 1909 εἷλε
713 1849 807 1913 ἀλιέας
820 1850 883 1925 τούς

87 1939 116 1991 ἐκ
142 1934 281 2012 Τίρυνθος,
307 1933 406 1994 ὁλκάδι
428 1936 613 2000 καταπλώσας
640 1937 743 2015 πλήρεϊ
769 1937 882 2013 ἀνδρῶν·

86 2021 171 2097 δῆλον
192 2020 229 2082 ὧν
248 2049 298 2098 μοι
319 2021 362 2082 ὅτι
383 2023 457 2082 θεῖον
475 2025 583 2104 ἐγένετο
598 2024 631 2083 τά
650 2030 767 2104 πρῆγμα
785 2029 814 2081 ἐκ
833 2028 884 2098 τῆς

84 2109 190 2186 μήνιος·
225 2113 252 2170 οἱ
278 2109 341 2192 γάρ,
370 2112 544 2189 πεμφθέντες
577 2111 631 2170 ύπό
661 2110 884 2186 Λακεδαιμονίων

85 2196 200 2278 ἄγγελοι
215 2203 242 2261 ε’ς
255 2197 307 2274 τήν
319 2197 428 2275 Ἀσίην,
439 2199 619 2276 προδοθέντες
632 2198 662 2257 δὲ
676 2196 730 2256 ὑπό
741 2196 884 2262 Σιτάλκεω

84 2289 133 2343 τοῦ
146 2284 380 2363 ΤήρεωΘρηΐκων
398 2287 546 2363 βασιλέος,
561 2285 606 2344 καὶ
624 2284 820 2363 Νυμφοδώρου
833 2291 886 2346 τοΐ

85 2371 184 2432 Πύθεω
205 2372 303 2450 ἀνδρός
320 2373 503 2451 Ἀβδηρίτεω,
517 2373 633 2449 ἥλωσαν
651 2372 721 2432 κατά
737 2373 883 2450 Βισάνθην

83 2458 135 2533 τήν
149 2465 176 2519 έν
188 2459 400 2540 Ἑλλησπόντῳ,
414 2463 459 2520 καὶ
473 2461 643 2542 ἀπαχθέντες
654 2467 681 2525 ές
690 2461 742 2536 τήν
755 2461 884 2538 Ἀττικήν

84 2544 223 2606 ἀπέθανον
240 2546 295 2606 ivr&
311 2546 474 2622 Ἀθηναίων·
494 2548 566 2626 μετά
586 2549 616 2608 δὲ
636 2549 724 2608 αὐτῶν
745 2551 791 2607 καὶ
806 2549 881 2628 Ἀρι-

84 2635 168 2696 στέας
179 2633 195 2693 ό
208 2633 396 2710 Ἀδειμάντου,
412 2637 560 2714 Κορίνθιος
570 2636 648 2714 ἀνήρ’
669 2640 757 2698 ταῦτα
769 2639 822 2715 μέν
835 2666 884 2700 νυν

84 2725 221 2781 πολλοῖσι
232 2723 306 2782 έτεσι
315 2721 434 2801 ὕστερον
443 2725 550 2804 ἐγένετο
558 2729 608 2785 τοῦ
618 2727 883 2801 βασιλέοςστόλου·

85 2808 210 2887 ε’πάνειμι
223 2811 253 2869 δὲ
267 2811 312 2869 ε’πὶ
325 2811 374 2870 τόν
387 2811 523 2890 πρότερον
536 2813 632 2894 λόγον.

123 2896 160 2954 Ἡ
175 2897 205 2956 δὲ
218 2900 415 2976 στρατηλασίη
428 2899 447 2975 ή
461 2902 600 2976 βασιλέος
617 2901 722 2979 οὕνομα
739 2906 790 2979 μὲν
804 2903 861 2982 εἶχε
871 2909 928 2968 138

84 2982 119 3044 (εἷς
140 2984 182 3042 ἐπ’
203 2985 323 3062 Ἀθήνας
345 2987 462 3060 ε’λαύνει,
485 2989 595 3049 κατίετο
620 2989 652 3047 δὲ
670 2994 699 3050 ἒς
717 2993 816 3046 πᾶσαν
839 2992 894 3058 ςὶχυ

83 3067 216 3130 Ἑλλάδα·
246 3075 457 3155 πυνθανόμενοι
481 3077 516 3138 δὶ
539 3082 634 3139 ταῦτα
661 3069 722 3151 τοῖς
746 3074 868 3129 πολλοῖς
894 3070 928 3120 ἐκ

73 3151 217 3229 Ἕλληνες,
238 3160 293 3223 οὔκ
314 3169 346 3226 ἕν
371 3167 466 3249 ὁμοίω
488 3167 605 3230 πάντες
633 3164 802 3225 'mmm‘
842 3153 875 3206 (λ
900 3147 954 3252 §w

59 3238 119 3372 ff?
139 3242 236 3308 αθτῶν
256 3250 365 3324 δόντες
382 3261 447 3342 γῆν
465 3284 501 3320 τε
526 3258 579 3317 καὶ
597 3253 684 3330 ἶιδωρ
698 3250 744 3325 ’ῐῖἶξ
752 3242 887 3315 ww&
897 3243 986 3298 ‘w’

90 3333 169 3378 .—l4
