2024 3450
92 97 233 163 103-107]
417 100 570 148 ΟΤΡΑΝῙᾹ.
618 97 623 114 ’
845 101 907 153 261,

93 176 169 255 παρά
182 175 237 258 γάρ
250 179 326 239 τοῖσι
339 176 516 255 βαρβάροισι
529 177 689 256 τιμιώτεροί
701 180 756 238 εἶσι
766 178 793 238 οἶ
804 176 894 239 εύνοΰ-

93 290 148 343 χοι,
162 266 274 328 πίστιος
287 255 440 339 εἵνεκα-τῆς
452 262 554 339 πάσης,
568 267 623 322 τῶν
633 266 771 342 ἐνορχίων·
788 265 894 331 ἅλλους

93 377 124 411 τε
142 352 176 427 δή
190 352 206 412 ό
220 354 373 414 Πανιώνιος
390 350 503 427 ἐξέταμε
520 351 653 420 πολλούς,
668 351 716 410 ἆτε
731 355 893 431 ποιεύμενος

94 443 124 498 ε’κ
136 439 235 500 τούτου
248 440 299 514 τήν
313 440 386 515 ζόην,
402 439 448 496 καὶ
461 437 495 513 δὴ
510 438 555 496 καὶ
564 441 672 496 τοῦτον·
694 439 739 497 καὶ
750 439 783 498 ού
792 441 847 522 γάρ
857 441 894 501 τά
970 480 972 482 -

92 526 184 587 πάντα
206 527 354 606 ἐδυστύχεε
372 526 388 586 ό
409 526 585 603 Ἑρμότιμος,
609 525 766 586 ἀπικνέεται
789 532 819 586 ἐκ
839 532 893 589 τῶν

82 617 217 691 Σαρδίων
236 615 313 691 παραὶ
333 614 461 690 βασιλέα
478 611 538 690 μετ’
552 611 648 672 ἄλλων
666 613 767 689 δώρων·
791 614 893 693 χρόνου

92 702 122 761 δὲ
136 702 289 779 προϊόντος,
302 701 412 762 πάντων
425 705 480 761 τών
491 699 627 779 εὐνούχων
638 701 755 778 ἐτιμήθη
765 701 893 779 μάλιστα

92 787 168 863 παρά
191 788 292 867 Ξέρξῃ.
333 789 382 852 Ὡς
400 789 429 848 δέ
446 788 479 850 τὰ
499 788 659 866 στράτευμα
676 787 710 849 τό
729 790 939 866 Περσικόν106

92 874 165 951 ὅρμα
186 875 202 935 ό
222 876 361 953 βασιλεύς
378 878 423 937 ἐπὶ
438 876 488 939 ταὶς
500 875 625 952 Ἀθήνας
644 877 694 937 ἐών
717 882 745 937 ε’ν
767 877 892 954 Σάρδισι,

93 964 212 1022 ἐνθαῦτα
231 966 358 1042 καταβάς
376 964 447 1025 κατά
466 963 502 1040 δή
518 991 545 1024 τι
563 969 680 1046 πρῆγμα
694 963 710 1024 ό
723 963 892 1042 Ἑρμότιμος

93 1053 119 1112 ἐς
131 1055 185 1131 γῆν
197 1052 249 1128 την
259 1053 383 1129 Μυσίην,
394 1052 446 1130 τήν
455 1053 522 1112 Χῖοι
531 1055 586 1130 μὲν
593 1054 731 1131 νέμονται,
745 1053 893 1132 Ἀταρνεῦς

91 1137 121 1196 δέ
137 1140 273 1211 καλέεται,
294 1141 416 1220 εύρίσκει
436 1141 486 1203 τόν
507 1141 661 1202 Πανιώνιον
685 1144 812 1202 ἐνθαῦτα·
834 1147 891 1202 ε’πι-

90 1226 172 1307 γνούς
198 1228 228 1288 δὲ
254 1232 334 1312 ἔλεγε
360 1230 430 1307 πρός
457 1228 540 1290 αὐτόν
561 1229 686 1292 πολλοῦς
708 1230 754 1288 καὶ
779 1230 891 1304 φιλίους

90 1314 201 1396 λόγους,
230 1323 326 1393 πρώτα
352 1319 404 1397 μέν
429 1316 455 1376 οἱ
482 1316 642 1395 καταλέγων
668 1316 724 1375 ὅσα
752 1315 833 1377 αύτὸς
856 1315 890 1374 δι’

91 1406 195 1462 ἐκεῖνον
222 1405 281 1482 ἔχοι
308 1404 410 1484 άγαθά,
432 1403 545 1479 δεύτερα
569 1403 600 1460 δέ
624 1405 649 1460 οἶ
671 1403 891 1481 ὑπισχνεύμενος

91 1486 151 1546 α’ντὶ
178 1489 282 1549 τούτων
304 1490 360 1550 ὅσα
385 1515 433 1566 μιν
458 1489 551 1569 άγαθά
573 1489 694 1563 ποιήσει,
717 1487 751 1564 ἢν
775 1491 889 1566 κομισά·

91 1600 172 1650 μενος
188 1575 251 1639 τούς
267 1577 374 1639 οἰκέτας
390 1578 465 1653 οἰκέη
484 1577 582 1654 ἐκείνη·
603 1574 676 1634 ώστε
689 1575 892 1654 ύποδεξάμενον

92 1661 214 1738 ἅσμενον
237 1663 301 1727 τούς
327 1664 430 1744 λόγους
456 1663 510 1723 τόν
533 1662 696 1733 Πανιώνιον,
716 1665 833 1741 κομίσαι
854 1666 889 1726 τά

90 1751 173 1808 τέκνα
201 1752 246 1810 καὶ
272 1752 324 1828 τὴν
344 1749 472 1832 γυναῖκα·
502 1750 538 1815 ώς
561 1750 591 1810 δέ
612 1749 667 1828 άρα
690 1753 819 1832 πανοικίῃ
842 1779 891 1832 μιν

91 1839 253 1916 περιέλαβε,
278 1841 357 1920 ἔλεγε
380 1839 584 1917 όἙρμότιμος
606 1838 680 1899 τάδε·
708 1839 755 1899 “ὦ
781 1841 891 1902 πάντων

92 1922 196 2000 ἀνδρῶν
208 1924 262 2003 ἤδη
275 1925 403 2003 μάλιστα
411 1925 458 1985 ἀπ’
467 1927 552 2007 ἔργων
563 1926 754 1988 ἀνοσιωτάτων
764 1929 814 1989 τόν
823 1929 891 2006 βίον

92 2014 255 2088 κτησάμενε,
269 2015 300 2074 τί
310 2016 345 2074 σὲ
359 2013 412 2096 ἐγώ
427 2014 512 2074 κακὰν
528 2014 548 2091 ἢ
567 2013 649 2077 αύτδς
662 2013 680 2090 ἢ
694 2019 748 2073 τῶν
762 2019 834 2091 ἐμῶν
850 2041 890 2077 τις

92 2102 232 2182 ἐργάσατο
248 2103 267 2180 ἢ
288 2106 330 2177 σὲ,
349 2102 437 2178 ἢτῶν
451 2107 592 2173 σῶντινα,
616 2101 659 2163 ὅτι
672 2128 708 2180 με
722 2101 778 2162 ἄντ’
792 2102 890 2180 άνδρὸς

92 2189 225 2266 ἐποίησας
244 2191 278 2252 τό
298 2191 385 2270 μηδὲν
405 2191 487 2261 εἶναι;
498 2215 501 2219 ·
514 2189 618 2254 ἐδόκεές
635 2188 668 2250 τε
690 2189 769 2252 θεούς
781 2189 892 2266 ’λήσειν

92 2277 137 2336 οἷα
160 2284 288 2359 ἐμηχανῶ
309 2278 383 2339 τότε·
413 2276 493 2339 οἶσε
511 2279 670 2355 ποιήσαντα
688 2277 797 2349 ἀνόσια,
817 2279 891 2360 νόμῳ

91 2366 185 2446 δικαίῳ
197 2367 363 2446 χρεώμενοι,
371 2367 518 2450 ύτήγαγον
532 2373 560 2432 ἐς
572 2366 656 2447 χέρας
665 2367 719 2430 τοὶς·
728 2365 812 2453 ε’μαὶς,ἶ
819 2368 892 2428 ὥστε

91 2479 126 2512 σε
138 2455 178 2530 μή
192 2456 360 2533 μέμψασθαι
376 2457 427 2532 την
440 2455 487 2516 ἀπ’
502 2458 567 2533 ἐμέο
580 2481 624 2515 τοι
638 2455 775 2532 ἐσομένην
807 2455 891 2531 ίκην.”

92 2540 127 2602 ώς
147 2541 179 2598 δέ
196 2545 222 2599 οἱ
240 2541 327 2601 ταῦτα
350 2543 482 2614 ὠνείδισε,
504 2543 643 2621 ἀχθέντων
664 2547 724 2603 τῶν·
738 2543 844 2603 παίδων
864 2548 891 2606 ἐς

91 2626 163 2704 ὄψιν,
182 2627 351 2708 η’ναγκάζετο
369 2627 388 2690 Ιά
410 2629 563 2693 Πανιώνιος
582 2634 637 2690 τῶν
658 2632 759 2691 ἑωυτοῦ
777 2632 889 2702 παίδων,

90 2716 232 2792 τεσσέρων
251 2715 357 2786 ε’όντων,
377 2717 412 2776 τοὶ
430 2720 521 2777 αἰδοῖα
539 2717 718 2795 ἀποτάμνειν·
738 2716 890 2799 ’άναγκαζό-

90 2830 172 2879 μενος
186 2804 215 2863 δὲ
229 2805 320 2863 ἐποίεε
330 2808 426 2863 ταῦτα·
448 2804 532 2864 αὐτοῦ
542 2830 580 2875 τε,
592 2805 627 2868 ώς
640 2809 728 2866 ταῦτα
741 2805 889 2885 ἐργάσατο,

92 2895 118 2950 οἶ
131 2892 227 2954 παῖδες
244 2891 463 2973 ’ἀναγκαζόμενοι
479 2891 647 2969 α’πέταμνον·
669 2891 825 2952 Πανιώνιον
844 2892 895 2960 μέν

92 3003 139 3038 νυν
152 2979 222 3039 οὕτω
235 2981 372 3056 περιῆλθε
384 2978 403 3058 ἦ
416 3006 448 3041 τε
460 2980 538 3046 τίσις
555 2982 603 3040 καλ
616 2977 842 3055 δ’Πρμδτιμῦἱ·

117 3065 224 3143 Ξῑίθξης
243 3067 329 3134 ὃέώς
348 3067 419 3137 τούς
440 3071 550 3137 παῖδας
569 3063 761 3149 'Apremo'm
774 3039 1004 3159 ὶπῑετδίδίῶδ

23 3225 26 3231 ,
67 3147 192 3230 ἄπαισιν
205 3155 396 3236 mm,
415 3163 557 3226 καλέσας
570 3152 763 3235 Μαίδων·
778 3137 1007 3264 ὶμῗῒοῖὲῖι

54 3239 280 3364 Τῖίῗσζςᾳῗίῆς
301 3249 467 3335 διαλέγειν
496 3253 575 3315 τοὶς
605 3243 783 3324 βούλεται,
803 3246 862 3280 “m
