2024 3450
127 117 157 163 ω
418 110 620 159 .·Ηνοοοπον
882 111 928 177 [v.

124 189 335 267 ἀρρωδήσαντες
348 186 443 248 αὐτοῦ.
479 187 540 245 ἐπεί
556 213 586 247 τε
600 187 630 246 δέ
643 191 670 247 οἱ
683 190 803 252 Παίονες
816 188 930 248 άπικέα-

124 304 157 336 το
172 278 218 335 ἐπὶ
232 275 385 336 θάλασσαν
399 277 526 337 ἐνθεῦτεν
536 281 563 340 ἐς
576 277 648 336 Χίον
661 275 808 352 διέβησαν·
830 276 931 338 ἐόντων

124 364 154 424 δὲ
167 364 220 441 ἤδη
237 371 265 424 ἐν
274 364 343 444 Χίῳ,
359 363 430 424 κατά
444 364 532 428 πόδας
546 363 683 441 ἐληλύθεε
697 364 831 440 Περσέων
845 364 931 430 ἵππος

123 452 221 528 πολλή
243 452 382 512 διώκουσα
400 452 464 516 τούς
483 453 617 516 Παίονας.
660 452 694 514 οἷς
713 452 742 510 δέ
760 451 791 511 ού
812 452 930 512 κατέλα-

122 543 187 616 βον,
205 540 415 621 ἐπηγγέλλοντο
437 545 464 604 ἐς
482 539 534 616 τήν
548 542 619 600 Χίον
638 544 714 600 τοῖσι
730 542 845 610 Παίοσι,
860 541 931 606 ὅκως

122 627 156 688 ἂν
170 629 262 688 α’πίσω
276 628 436 688 ἀπέλθοιεν·
458 631 485 688 οἱ
502 628 531 687 δὲ
546 629 665 690 Παίονες
682 627 746 689 τούς
761 628 864 707 λόγους
879 629 928 688 ούκ

122 716 291 776 ἐνεδέκοντο·
313 715 378 775 ἀλλ’
392 721 423 775 ἐκ
436 717 509 774 Χίου
521 719 573 792 μὲν
587 717 656 774 Χῖοί
665 722 756 790 σφεας
771 720 797 776 ἐς
807 715 929 792 Λέσβον
964 747 967 752 ·

121 803 237 884 ἤγαγον,
253 803 377 879 Λέσβιοι
396 802 425 860 δὲ
440 808 468 864 ἐς
481 804 623 878 Δορίσκον
637 803 780 877 ἐκόμισαν·
803 803 929 863 ἐνθεῦτεν

124 891 154 950 δέ
173 892 244 968 πεζῇ
266 890 443 966 κομιζόμενοι
463 889 597 949 ἀπικέατο
619 895 646 952 ἐς
667 891 811 965 Παιονίην.

73 977 110 1037 99
160 976 366 1056 Ἀρισταγόρης
382 977 419 1046 δὲ,
435 978 528 1052 ἐπειδή
547 978 576 1035 οἵ
588 1004 619 1036 τε
631 977 775 1052 Ἀθηναῖοι
792 976 928 1040 άπικέατο

121 1067 211 1123 εἴκοσι
219 1064 301 1139 νηυσὶ
315 1062 374 1140 ἅμα
388 1063 688 1146 άγόμενοιἘρετριέων
697 1066 780 1124 πέντε
790 1066 926 1142 τριήρεας,

121 1151 148 1210 οἳ
166 1150 199 1210 ού
217 1150 269 1226 τήν
282 1148 436 1227 Ἀθηναίων
454 1151 537 1230 χάριν
556 1152 763 1227 ἐστρατεύοντο,
779 1151 856 1211 α’λλά
875 1154 928 1229 τήν

155 1243 211 1299 τῶν
232 1239 391 1316 Μιλησίων,
410 1238 583 1316 ὄφειλόμενά
600 1246 656 1315 σφι
677 1238 862 1302 ἀποδιδόντες·
888 1240 926 1320 (οἱ

118 1325 173 1407 γάρ
185 1326 219 1404 δὴ
231 1326 374 1402 Μιλήσιοι
384 1326 520 1404 πρότερον
529 1331 606 1387 τοῖσι
614 1325 786 1403 Ἐρετριεῦσι
797 1328 845 1386 τόν
855 1328 927 1402 πρός

120 1416 280 1478 Χαλκιδέας
290 1414 418 1492 πόλεμον
432 1415 631 1491 συνδιήνεικαν,
643 1415 690 1475 ὅτε
699 1440 752 1491 περ
764 1415 809 1473 καὶ
819 1419 925 1474 Χαλκι-

119 1502 198 1563 δεῦσι
219 1503 299 1563 άντία
319 1501 480 1581 Ἐρετριέων
501 1505 546 1562 καὶ
568 1504 719 1579 Μιλησίων
740 1502 841 1578 Σάμιοι
860 1506 926 1580 ἐβο·

118 1589 223 1668 ήθεον·)
247 1588 323 1651 οὗτοι
341 1590 377 1653 ὧν
394 1592 456 1651 ἐπεί
471 1592 504 1652 τέ
519 1598 575 1668 σφι
589 1589 724 1650 α’πικέατο
739 1589 785 1648 καὶ
799 1595 825 1649 οἱ
839 1589 925 1651 ἄλλοι

91 1696 96 1708 ’
119 1678 265 1757 σύμμαχοι
283 1679 424 1756 παρήσαν,
440 1680 563 1739 ἐποιέετο
583 1679 737 1755 στρατηίην
758 1677 774 1737 ό
793 1677 924 1756 Ἀριστα-

117 1765 203 1844 γόρης
228 1773 255 1828 ἐς
279 1765 389 1842 Σάρδις.
431 1765 513 1828 αύτδς
533 1769 586 1843 μέν
612 1765 646 1841 δή
671 1765 720 1824 ούκ
743 1765 924 1840 ἐστρατεύετο

118 1850 184 1910 ἀλλ’
199 1853 275 1928 ἐμενε
297 1857 325 1910 ἐν
346 1853 475 1932 Μιλήτῳ·
497 1851 672 1933 στρατηγούς
690 1853 719 1911 δέ
733 1851 839 1915 ἄλλους
850 1852 924 1923 ,α’πέ-

118 1938 178 2008 δεξε
193 1939 343 2014 Μιλησίων
362 1939 439 2009 εἶναι,
453 1939 502 1998 τὸν
516 1943 620 1998 ἑωυτοῦ·
630 1966 661 1998 τε
675 1939 815 2016 ἀδελφεόν
831 1944 929 2019 Χαρο-Ι

73 2028 132 2085 100
141 2030 223 2086 πῖνον
237 2026 283 2085 καὶ
292 2029 347 2086 τῶν
360 2026 456 2085 ἄλλων
470 2025 564 2085 ἀστῶν
577 2026 781 2103 Ἑρμόφαντον.
810 2028 924 2089 Ἀπικό-

117 2140 196 2191 μενοι
217 2115 247 2174 δέ
267 2118 305 2194 τῷ
319 2114 415 2192 στόλῳ
432 2114 520 2192 τούτῳ
534 2113 626 2177 Ἴωνες
642 2120 669 2178 ἐς
677 2114 814 2191 Ἔφεσον,
833 2121 923 2178 πλοῖα

117 2206 169 2278 μὲν
186 2205 337 2263 κατέλιπον
357 2208 385 2261 ἐν
405 2202 550 2281 Κορήσσιρ
566 2208 616 2278 τῆς
637 2203 781 2279 Ἐφεσίης,
801 2203 879 2264 αύτοὶ
893 2207 923 2267 δέ

117 2289 267 2366 άνέβαινον
285 2291 359 2367 χειρὶ
385 2294 483 2368 πολλῇ
504 2291 661 2367 ποιεύμενοι
685 2291 835 2366 Ἐφεσίους
858 2292 919 2373 ἡγε-

117 2377 214 2454 μόνας·
241 2377 424 2454 πορευόμενοι
451 2378 480 2437 δὲ
503 2378 580 2454 παρὰ
602 2380 732 2456 ποταμόν
752 2380 922 2458 Καΰστριον,

73 2511 80 2541 4
118 2465 242 2524 ἐνθεῦτεν
261 2465 323 2523 ἐπεί
336 2490 367 2524 τε
384 2464 557 2543 ὑπερβάντες
572 2466 622 2526 τόν
639 2471 757 2543 Τμῶλον
777 2466 920 2542 α’πίκοντο,

67 2553 78 2606 .⁴·
118 2553 244 2628 αἱρέουσι
264 2551 371 2629 Σάρδις,
387 2553 495 2617 ούδενός
509 2561 565 2630 σφι
579 2553 767 2617 ἀντιωθέντος·
796 2557 923 2632 αἱρέουσι

118 2639 148 2699 δέ
160 2640 244 2717 χωρὶς
253 2644 303 2715 τῆς
317 2640 485 2718 α’κροπόλιος
498 2640 593 2702 τάλλα
608 2641 709 2702 πάντα·
731 2643 782 2717 τήν
797 2643 826 2702 δὲ
840 2643 922 2720 οἶκρό-

120 2732 202 2786 πολιν
227 2727 320 2803 ἐρύετο
337 2728 419 2792 αύτδς
436 2728 636 2807 Ἀρταφέρνης,
653 2731 722 2809 ἔχων
744 2730 859 2806 δύναμιν
876 2730 922 2791 άν-

71 2816 209 2892 101δρῶν
223 2814 272 2874 ούκ
287 2815 396 2897 ὀλίγην.
438 2817 478 2876 Τό
499 2818 529 2876 δὲ
549 2817 589 2894 μή
604 2822 782 2894 λεηλατῆσαι
807 2818 923 2883 ἑλόντας

117 2903 209 2979 σφέας
222 2904 274 2979 τήν
287 2904 379 2975 πόλιν,
394 2907 462 2983 ἐσχε
476 2905 548 2965 τόδε·
573 2906 648 2981 ἦσαν
668 2910 697 2965 ἐν
716 2910 784 2984 τῇσι
802 2906 922 2981 Σάρδισι

118 2991 201 3051 οἰκίαι
229 2995 258 3050 αἱ
278 2995 329 3068 μὲν
349 2997 465 3056 πλεῦνες
488 2993 647 3069 καλάμιναι,
676 2993 743 3052 ὅσοι
767 2993 790 3052 δ’
818 2993 922 3054 αύτέων

103 3079 157 3134 καί
168 3079 316 3140 πλίνθιναι
331 3078 409 3156 ἦσαν
423 3079 553 3159 καλάμου
568 3081 643 3160 εἶχον
656 3080 706 3144 τὰς
719 3081 836 3157 ὀροφάς.
858 3108 921 3140 του-

86 3161 162 3219 τέων
187 3165 226 3240 δή
245 3169 324 3245 μίαν
354 3175 413 3231 τῶν
437 3198 479 3236 τις
504 3169 703 3249 στρατιωτέων
729 3167 766 3228 ὡς
790 3167 940 3239 ἐνέπρησε,

69 3241 182 3308 αντιῖεα
198 3251 257 3314 ἄπ’
270 3261 369 3339 οἰκίης
388 3265 421 3327 ἐς
443 3265 540 3340 οἰκίην
558 3260 606 3321 ἰὸν
619 3255 656 3318 τὸ
670 3259 731 3332 πῐιρ
751 3251 905 3322 ἐπενέμετο
920 3251 957 3305 τὸ
