2024 3450
120 114 230 180 ιο-τι]
479 114 593 164 nmo.
892 111 923 164 οι

120 197 297 274 προσέβαλε,
310 197 414 272 μοῦνος
425 196 510 254 τοῦτο
523 193 633 255 πάντων
645 193 680 272 δή
693 196 749 256 τῶν
766 192 921 275 γενομένων

119 285 265 360 βασιλέων
278 289 308 344 ἐν
321 282 439 362 Σπάρτῃ
451 282 583 358 ποιήσας.

160 372 330 451 Αευτυχῶης
346 371 377 430 δί
395 370 412 431 ά
428 369 580 447 Μενάρεος,
594 369 766 448 Δημαρήτου
782 395 920 430 καταπαυ·
929 369 966 432 71

119 459 244 531 σθέντος,
265 458 406 528 διεδέξατο
429 457 482 534 τήν
503 459 671 535 βασιληίην·
700 459 749 517 καί
769 461 795 517 οἰ
814 459 919 538 γίνεται

119 546 184 610 πάίς
194 547 371 624 Ζευξίδημος,
381 545 474 622 τάνδή
490 548 632 606 Κυνίσκον
641 545 813 621 μετεξέτεροι
827 548 920 622 Σπαρ-

119 635 233 709 τιητέων
253 634 379 695 ἐκάλεον.
422 629 503 696 οὗτος
523 633 539 694 ὁ
561 633 729 709 Ζευξίδημος
750 631 800 691 οὐκ
821 632 920 708 ἐβασί-

119 724 205 781 λευσε
219 722 360 799 Σπάρτης·
373 720 429 798 πρά
440 723 613 800 Αευτυχιδεω
625 721 681 802 γάρ
694 723 820 799 τελευτᾷ,
831 718 920 778 λιποίν

119 810 207 868 παῖδα
218 808 400 889 Ἀρχίδημον·
417 810 587 888 Αευτυχιδης
600 810 630 869 δὲ
639 809 785 886 στερηθεὶς
795 806 920 883 Ζευξιδή-

119 921 175 972 μου
196 898 296 977 γαμέει
321 897 451 974 δευτέρην
476 902 593 977 γυναῖκα
618 896 793 975 Εὐρυδάμην,
819 899 921 955 ἐοῦσαν

120 985 226 1044 Μενίου
243 988 295 1062 μὲν
312 984 455 1061 α’δελφεήν
473 987 659 1064 Διακτορίδεω
676 987 706 1046 δὲ
720 986 868 1066 θυγατέρα·
889 989 919 1042 ἐκ

118 1075 169 1147 τῆς
182 1076 209 1132 οἰ
223 1074 303 1150 ζοσεν
315 1076 367 1151 μὲν
379 1074 486 1155 γινέται
500 1073 587 1144 οὐδὲν,
598 1074 721 1154 θυγάτηρ
732 1074 762 1133 δέ
772 1071 919 1150 Λαμπιτώ·

118 1159 170 1234 τήν
185 1159 357 1240 Ἀρχίδημος
376 1162 393 1222 ά
414 1160 584 1238 Ζευξιδάμου
604 1156 711 1242 γαμέει,
732 1161 828 1223 δόντος
847 1159 921 1238 αὐτῷ

118 1251 300 1326 Λευτυχιδεω.
343 1247 386 1308 02'
404 1251 457 1324 μὲν
473 1247 536 1307 οὐδὲ
554 1249 724 1325 Λευτυχίδης
739 1247 878 1325 κατεγήρα
891 1248 967 1307 ἐν’ίΖ

118 1334 243 1414 Σπάρτῃ,
257 1336 335 1396 άλλαὶ
348 1336 424 1395 τίσιν
436 1334 545 1409 τοιήνδε
557 1335 619 1394 τινά
631 1334 790 1410 Δημαρήτῳ
803 1332 919 1398 ἐξέτισε·

119 1423 315 1501 ἐστρατήγησε
328 1421 576 1495 Λακεδαιμονίοισι
590 1425 617 1481 ἐς
630 1420 803 1490 Θεσσαλίην,
817 1417 921 1492 παρεόν
968 1487 974 1498 ἱ

119 1506 150 1563 δέ
163 1510 190 1564 οἶ
203 1507 350 1584 ὑποχείρια
367 1506 460 1563 πάντα
477 1505 654 1578 ποιήσασθαι
673 1502 861 1579 ἐδωροδόκησε
874 1502 921 1579 α’ρ-

119 1591 217 1669 γάριον
235 1592 319 1651 πολύ·
349 1591 391 1650 ἐπ’
410 1589 564 1668 αὐτοφώρῳ
580 1590 611 1649 δὲ
628 1588 715 1651 άλούς
732 1588 817 1648 αὐτοῦ
836 1593 866 1647 ἐν
884 1595 923 1669 τῷ

120 1679 301 1758 στρατοπέδῳ
330 1677 530 1754 ἐπικατήμενος
558 1677 658 1756 χειρίδι
681 1677 755 1754 πλέη
780 1675 920 1756 ἀργυρίου,

120 1767 207 1847 ἔφυγε
221 1772 251 1826 ἐκ
265 1766 404 1843 Σπάρτης,
417 1764 472 1825 άπὸ
483 1764 661 1842 δικαστήριον
670 1763 813 1843 ὑπαχθείς·
828 1763 874 1822 καί
886 1764 922 1823 τά

120 1856 193 1914 οἰκία
207 1859 233 1916 οἰ
248 1855 424 1932 κατεσκάφη·
445 1855 531 1936 ἔφυγε
544 1854 575 1914 δὲ
588 1858 615 1918 ἐς
627 1853 740 1935 Τεγέην,
755 1853 801 1912 καί
815 1851 921 1912 ἐτελεί-

118 1969 189 2019 τησε
203 1948 233 2006 ἐν
245 1943 342 2023 ταύτῃ·
356 1946 444 2004 ταῦτα
457 1944 509 2019 μὲν
522 1941 556 2017 δή
571 1942 680 2022 ἐγένετο
693 1940 784 2020 χρόνῳ
793 1938 921 2017 ὕστερον.

153 2032 224 2093 Τότε
242 2033 272 2092 δέ
289 2032 324 2096 ὦς
336 2035 375 2111 τῷ
385 2033 541 2108 Κλεομένεϊ
559 2029 686 2105 εάωδιίθη
704 2029 736 2089 τὸ
756 2033 783 2091 ἐς
798 2028 848 2087 τάν
864 2035 919 2103 Δη-
929 2029 968 2088 73

118 2119 244 2197 μάρητον
259 2124 386 2201 πρῆγμα,
402 2118 501 2178 αὐτίκα
513 2116 691 2194 παραλαβών
699 2114 869 2193 Λευτυχίδεα
877 2114 922 2190 ήϊε

119 2209 165 2266 ἐπὶ
179 2208 244 2273 τούς
262 2207 422 2290 Αἰγινήτας,
437 2205 526 2266 δεινόν
539 2205 601 2265 τινά
612 2211 668 2280 σφι
681 2205 795 2284 ἔγκοτον
814 2200 859 2261 διά
872 2203 922 2264 τάν

119 2296 359 2374 προπηλακισμόν
378 2297 457 2373 ἔχων.
499 2292 570 2353 οὕτω
592 2292 626 2368 δή
644 2291 706 2352 οὔτε
725 2295 752 2351 οἶ
764 2296 919 2373 Αἰγινῆται,

120 2383 287 2461 άμφοτέρων
306 2388 362 2444 τῶν
381 2381 527 2460 βασιλέων
546 2381 669 2457 ήκόντων
686 2380 727 2440 ἐπ’
744 2379 851 2449 αὐτους,
868 2380 920 2440 ἐδι-

121 2471 212 2531 καίευν
225 2473 265 2530 ἐτι
278 2470 457 2546 ἀντιβαίνειν,
468 2469 569 2528 ἐκεῖνοί
575 2494 606 2527 τε
617 2468 810 2545 ἐπιλεξάμενοι
820 2467 920 2544 ἄνδρας

120 2558 186 2616 δέκα
203 2558 371 2637 Αἰγινητέων
390 2556 455 2620 τοιίς
471 2557 609 2616 πλείστου
629 2553 722 2623 άξίαυς
742 2555 788 2613 καί
808 2555 920 2634 πλούτῳ

121 2645 167 2703 καί
188 2645 271 2725 γένεϊ,
289 2643 361 2725 ἦγον
384 2644 430 2703 καί
450 2643 556 2706 άλλους
577 2643 623 2701 καί
646 2641 680 2717 δή
704 2643 750 2701 καὶ
774 2642 864 2720 Κρῖόν
888 2669 920 2703 τε

119 2731 169 2792 τάν
188 2732 366 2809 Πολυκρίτου
380 2732 426 2790 καὶ
439 2731 604 2806 Κάσαμβον
616 2727 667 2789 τάν
679 2728 918 2808 Ἀριστοκράτεος,

121 2820 201 2897 οἵπερ
216 2821 292 2898 εἰχον
304 2821 441 2899 μέγιστον
455 2817 563 2894 κράτος·
584 2814 736 2898 άγαγάντες
746 2818 778 2878 δέ
786 2826 878 2895 σφεας
894 2825 921 2884 ἐς

120 2911 174 2987 γῆν
193 2907 245 2983 τήν
264 2905 402 2982 Ἀττικήν,
419 2904 584 2982 παραθήκην
599 2905 797 2982 παρατίθενται
813 2911 840 2968 ἐς
855 2905 921 2971 τοιίς

122 2996 269 3073 ἐχθίστους
284 2994 453 3075 Αἰγινήτῃσι
464 2992 638 3069 Ἀθηναίους.
677 2990 766 3051 Μετὰ
780 2992 816 3049 δὶ
827 2995 984 3057 ταῖπαζιλε

117 3083 282 3158 Κλεομένεα
303 3081 445 3145 ἐτάϊστον
464 3081 622 3167 γενόμενον
646 3075 912 3154 mmmmm
925 3076 966 3127 ὶς

107 3167 288 3246 Δημάρητον
300 3173 390 3254 δεῖμα
404 3175 505 3254 ἔλαβε
518 3167 756 3250 Σπαρτιητέων,
768 3163 822 3220 *³3³
834 3151 998 3254 δ’ᾕὲἱῆῧ

99 3258 130 3316 ἐς
147 3260 340 3338 Θεσσαλίην·
366 3267 511 3329 ἐνθεῦτεν
531 3265 567 3327 λὶ
587 3254 788 3332 ἀπικόμενος
796 3253 834 3308 ἐς
845 3239 906 3314 ἣν
920 3238 1000 3304 W*
