2024 3450
63 107 104 172 οη
366 111 569 158 mmmm.
832 109 863 156 ιι

72 190 109 246 ,πὶ
123 193 178 248 τῶν
193 190 295 266 θυρέων
309 189 443 265 οἷλλήλων
457 189 578 250 ἅπτοντο
592 187 808 265 καταιτιώμενοι,
818 189 864 247 καὶ

63 277 191 351 μάλιστα
204 281 253 336 τοῦ
267 277 378 355 πρώτου
392 278 534 354 λαβόντος
548 277 591 337 ὅτι
611 277 661 337 ούκ
683 278 798 353 ἐποίησε
817 304 863 336 κω
920 299 922 304 ·

63 365 99 425 τό
119 365 154 425 τό
175 365 335 445 δεδογμένα·
360 366 416 429 ε’ςδ
434 365 469 439 δή
481 373 546 439 σφι,
561 366 663 443 χρόνου
676 366 863 446 ἐγγινομένου,

65 453 139 522 ἔδοξε
161 453 236 516 αύτις
259 454 451 530 παρελθόντας
473 454 579 515 πάντας
596 458 645 511 τοῦ
665 453 752 528 φόνου
768 455 863 529 μετίσ·
929 479 931 482 ’

63 566 133 618 χειν.
176 542 229 600 ἔδει
243 541 272 599 δὲ
287 547 316 599 ἐκ
331 546 380 600 τοῦ
393 540 541 601 Ἠετιωνος
553 540 638 619 γόνου
651 541 779 617 Κορίνθῳ
793 540 863 598 κακὰ

64 627 267 703 ἀναβλαστεῖν·
296 629 315 703 ἦ
342 628 447 703 Λάβδα
471 629 527 708 γόρ
553 626 646 686 πάντα
671 630 758 687 ταῦτα
784 626 866 701 ἤκουε

65 719 192 775 ἑστεῶσα
207 715 277 793 πρός
292 715 394 792 αὐτῇσι
416 720 483 793 τῇσι
506 715 616 794 θύρησι·
639 715 760 775 δείσασα
778 714 807 773 δὲ
827 710 867 789 μή

65 809 122 876 σφι
140 803 279 880 μεταδόξῃ
300 803 344 860 καὶ
364 803 397 862 τό
415 802 541 879 δεύτερον
557 802 697 879 λαβόντες
710 802 743 862 τό
756 801 867 860 παιδίον

66 889 259 960 ἀποκτείνωσι,
276 892 403 967 φέρουσα
419 891 603 967 κατακρύπτει
622 897 648 954 ἐς
668 891 700 951 τό
722 888 867 967 ἀφραστό-

65 976 149 1037 τατόν
168 981 196 1048 οἱἸ
213 979 342 1053 ε’φοίνετο
357 979 434 1049 εἶναι,
451 985 477 1042 ές
491 981 624 1060 κωμέλην·
646 980 817 1055 ἐπισταμένη
832 976 867 1040 οἷς

66 1069 89 1123 εἰ
102 1064 329 1144 ὑποστρέψαντες
344 1072 370 1131 ἐς
385 1067 501 1142 ζήτησιν
516 1066 670 1140 ἀπικοίατο,
685 1066 777 1126 πόντα
796 1071 866 1142 ε’ρευ-

66 1152 161 1224 νήσειν
174 1155 316 1230 μέλλοιεν·
338 1155 374 1220 τό
390 1154 422 1231 δη
439 1156 484 1213 καὶ
499 1156 613 1235 ε’γίνετο.
648 1156 765 1214 ἐλθοῦσι
779 1155 808 1214 δὲ
821 1154 868 1211 καὶ

66 1240 237 1316 διζημένοισι
252 1242 362 1302 αύτοῖσι
383 1243 417 1313 οΞς
439 1242 488 1320 ούκ
511 1243 648 1318 ἐφαίνετο,
668 1241 758 1300 ε’δόκεε
777 1241 868 1299 όπαλ·

66 1327 230 1388 λα’σσεσθαι
250 1332 297 1388 καὶ
316 1331 409 1411 λέγειν
431 1330 501 1406 πρός
514 1330 578 1391 τούς
591 1329 813 1406 ἀποπέμψαντας
835 1326 869 1388 ὦς

67 1415 157 1474 πάντα
170 1417 319 1490 ποιήσειαν
333 1417 368 1474 τὰ
384 1421 482 1476 ἐκεῖνοι
496 1417 679 1475 ἐνετείλαντο.
721 1418 747 1473 οἱ
763 1416 814 1489 μὲν
831 1412 866 1487 δή

67 1501 236 1564 ἀπελθόντες
251 1505 347 1579 ἔλεγον
361 1507 458 1561 ταῦτα·
481 1501 608 1560 Ἠετίωνι
626 1502 656 1558 δὲ
671 1501 742 1576 μετα
753 1499 871 1558 ταῦταὸ

68 1587 134 1649 πάϊς
143 1587 285 1656 αύξάνετο·
301 1590 349 1645 καί
363 1591 388 1646 οἱ
403 1587 568 1695 διαφυγόντι
581 1592 679 1646 τοῦτον
689 1587 738 1646 τίν
749 1587 871 1647 κίνδυνον

68 1673 124 1734 ἀπο
137 1678 189 1750 τῆς
202 1676 353 1751 κυψέλης’
341 1674 498 1750 επωνυμίην
514 1672 694 1751 Κύψελος”
663 1699 767 1750 ουνομα
783 1675 872 1750 ε’τέθη.

69 1763 235 1839 ἀνδρωθέντι
249 1762 336 1821 δε
291 1789 337 1820 κοιι
349 1762 542 1841 μαντευομένῳ
557 1762 707 1840 Κυψέλῳ’
694 1762 802 1843 εγένετο
818 1787 868 1839 αμ-

70 1851 196 1924 φιδέξιον
211 1849 385 1928 χρηστήριον
400 1856 429 1908 ε’ν
443 1852 647 1924 Δελφοῖσι,
610 1875 648 1907 τω
661 1850 777 1912 πίσυνος
794 1849 871 1931 γενό-

68 1965 151 2015 μενος
165 1939 332 2017 ἐπεχείρησέ
343 1965 374 1996 τε
387 1939 434 1996 καὶ
448 1939 522 2016 ἔσχε
530 1937 678 2014 Κόρινθον.
711 1936 727 1998 ό
741 1938 770 1997 δὲ
783 1964 872 2017 χρηση

67 2027 121 2103 μός
140 2026 187 2086 ὅδε
208 2026 252 2102 ἦν·

161 2141 261 2202 Ὄλβιος
272 2138 341 2188 οὗτος
354 2142 412 2200 ἀνὴρ
425 2138 450 2187 ὃς
462 2142 517 2195 ἐμὸν
530 2141 600 2198 δόμον
614 2138 782 2200 ἐσκαταβαίνει

167 2211 410 2274 ΚύψελοςἨετίδης,
425 2213 540 2273 βασιλεὺς
549 2213 652 2258 κλειτοῖο
664 2210 788 2272 Κορίνθου·

167 2285 236 2332 αὐτὸς
249 2284 288 2331 καί
299 2285 389 2354 παῖδες,
406 2285 495 2330 παίδων
506 2300 537 2343 γε
548 2284 590 2340 μὲν
602 2283 680 2330 οὐκέτι
692 2283 782 2330 παῖδες.
852 2293 855 2299 “

69 2381 108 2440 T&
122 2384 173 2458 μὲν
188 2382 221 2456 δη
236 2379 409 2459 χρηστήριον
422 2384 505 2440 τοῦτο
519 2378 563 2455 ἦν.
604 2380 789 2457 τυραννεύσας
807 2380 837 2438 δὲ
854 2379 871 2439 ό

71 2469 212 2545 Κύψελος,
224 2472 349 2531 τοιοῦτος
362 2468 397 2543 δή
410 2495 453 2530 τις
466 2467 536 2543 ἀνὴρ
548 2470 666 2548 ἐγένετο·
679 2468 806 2530 πολλούς
819 2471 870 2543 μὲν

75 2557 227 2632 Κορινθίων
239 2556 337 2626 ἐδίωξε,
346 2555 472 2618 πολλούς
484 2556 512 2614 δὲ
525 2555 675 2634 χρημάτων
685 2554 870 2631 ἀπεστέρησε,

71 2647 171 2721 πολλῷ
195 2641 217 2701 δ’
241 2644 279 2701 ἔτι
300 2644 452 2706 πλείστους
475 2647 524 2718 τῆς
546 2647 646 2721 ψυχῆς.
688 2641 821 2719 ἄρξαντος
842 2642 872 2700 δὲ

71 2730 170 2795 τούτου
186 2732 231 2790 ε’πὶ
244 2730 391 2808 τριήκοντα
403 2733 463 2790 ἔτεα
478 2733 523 2789 καὶ
534 2731 733 2800 διαπλέξαντος
743 2731 792 2791 τόν
805 2729 872 2804 βίον

15 2821 20 2828 ’
72 2819 109 2890 εὗ,
122 2819 260 2899 διάδοχός
282 2823 308 2879 οἱ
329 2825 379 2895 τῆς
400 2821 558 2897 τυραννίδος
579 2819 595 2879 ό
616 2824 681 2882 παῖς
701 2818 872 2898 Περίανδρος

71 2909 185 3014 γίνεται.
228 2908 244 2974 ό
265 2911 357 2968 τοίνυν
383 2909 553 2985 Περίανδρος
575 2907 633 2967 κατ’
656 2907 743 2987 οἷρχοὶς
765 2910 816 2983 μὲν
836 2905 871 2982 ἦν

72 2997 224 3074 ἠπιώτερος
237 3003 286 3056 τοῦ
301 2998 414 3074 πατρός·
438 2997 499 3054 ε’πεί
515 3022 546 3055 τε
560 2997 589 3053 δὲ
604 2996 730 3103 ὦμίλησε
744 2993 807 3053 διΗ
791 2994 872 3100 αγγέ

73 3088 130 3142 λων
149 3085 346 3171 Θρασυβούλῳ
365 3111 403 3161 τῳ
390 3083 553 3158 Μιλητου
567 3082 704 3159 τυρόννω,
714 3078 847 3151 mm!
839 3102 887 3133 m

72 3171 180 3248 ἐγένετο
192 3174 329 3251 Κυψελου
343 3171 587 3251 μιαιφονωτερος
615 3169 742 3244 πἐμίιαῖ
754 3188 815 3243 Ἣ)
826 3181 915 3229 '‘W“

61 3256 337 3330 Θρασυβουλον
302 3290 425 3340 κηρυκα,
444 3255 660 3322 ἔτυνθόνετο“’
649 3277 758 3316 οντινο.
771 3274 804 3306 ου
820 3241 940 3317 “mm
