2024 3450
162 111 212 159 τοι
472 109 653 158 ἀνοιοοοτ
772 106 776 112 ’
867 100 870 107 “
904 110 967 176 [lx.

114 191 153 249 30
162 187 284 268 χιλιάδες
297 186 343 245 καὶ
357 185 533 250 ἑκατοντάδες
548 187 640 247 πέντε.
681 190 738 248 Τοῦ
754 187 784 248 δέ
802 187 967 266 σύμπαντος

162 276 328 348 Ἑλληνικοῦ
350 277 400 333 τοῦ
425 274 610 340 συνελθόντος
634 279 661 338 ἐς
685 274 833 338 Πλαταιᾶς
857 276 914 338 σόν
936 306 968 340 τε

162 360 297 439 ὁπλίτῃσι
312 362 357 420 καὶ
371 366 483 438 ψιλοῖσι
496 366 573 423 τοῖσι
590 365 743 441 μαχίμοισι
760 362 856 422 ἐνδεκα
870 368 967 443 μυριά-

60 472 138 538 stou,
162 449 206 511 δες
218 447 300 523 ἦσαν,
314 452 381 525 μιής
394 450 520 528 χιλιάδος
536 450 607 528 πρός
625 450 655 509 δέ
671 449 845 510 ὀκτακοσίων
861 450 968 530 α’νδρῶν

60 553 130 625 ,χχχ
163 537 355 597 καταδέουσαι·
387 537 440 597 συν
455 538 486 596 δὲ
501 539 645 598 Θεσπιέων
662 540 739 596 τοῖσι
755 542 896 614 παρεοῦσι
913 541 968 611 ἐξε-

162 629 321 702 πληροῦντο
343 627 372 684 αἶ
394 626 487 684 ἕνδεκα
512 625 651 703 μυριάδες·
684 629 819 700 παρῆσαν
841 625 900 705 γάρ
922 630 969 689 καὶ

163 713 306 773 Θεσπιέων
323 718 352 774 ἐν
369 717 407 791 τῷ
425 713 605 791 στρατοπέδῳ
621 715 648 771 οἱ
668 711 831 788 περιεόντες,
846 712 969 792 ἆριθμδν

164 807 192 863 ἐς
204 800 385 862 ὀκτακοσίους
398 800 443 859 καὶ
453 800 571 878 χιλίους·
586 798 662 859 ὅπλα
675 799 705 858 δέ
719 798 775 858 οὐδ’
787 797 866 859 οὗτοι
881 802 967 883 εἶχον.

165 885 241 946 οὗτοι
254 889 306 962 μέν
319 913 367 947 νυν
379 887 527 966 ταχθέντες
544 887 589 945 ἐπὶ
606 889 644 964 τῷ
661 884 781 966 Ἀσωπῷ
797 891 968 966 ἐστρατοπε-

164 974 284 1034 δεύοντο.

116 1063 151 1121 31
206 1064 242 1119 Οἱ
255 1061 285 1119 δὲ
298 1060 373 1137 ἀμφὶ
387 1061 546 1138 Μαρδόνιον
559 1062 714 1140 βάρβαροι,
725 1062 760 1126 ὥς
772 1062 969 1140 άπεκήδευσαν

164 1149 335 1218 Μασίστιον,
349 1152 490 1226 παρῆσαν,
502 1150 654 1227 πυθόμενοι
666 1150 885 1228 τοῦςἝλληνας
899 1155 969 1214 εἶναι

165 1243 194 1298 ἐν
207 1241 379 1314 Πλαταιῇσι,
395 1237 440 1294 καὶ
450 1232 531 1296 αὐτοὶ
545 1238 590 1297 ἐπὶ
603 1237 652 1297 τόν
664 1238 796 1298 Ἀσωπόν
812 1239 862 1300 τόν
876 1241 969 1322 ταύτῃ

163 1327 271 1401 ῥέοντα.
313 1322 475 1401 ἀπικόμενοι
511 1324 541 1383 δὲ
579 1322 785 1385 ἀντετάσσοντο
823 1322 875 1385 ὦδε
912 1328 968 1389 ὑπό

164 1414 334 1491 Μαρδονίου·
356 1413 426 1472 κατά
446 1415 497 1489 μὲν
517 1411 751 1487 Λακεδαιμονίους
772 1414 877 1489 ἔστησε
894 1418 968 1494 Πέρ-

164 1527 227 1564 σας·
243 1503 287 1561 καὶ
298 1501 332 1577 δή
346 1499 456 1560 πολλόν
466 1500 520 1581 γάρ
534 1500 685 1577 περιέασαν
695 1499 798 1576 πλήθεϊ
807 1504 834 1560 οἱ
844 1503 967 1580 Πέρσαι,

165 1592 213 1648 ἐπί
228 1615 259 1649 τε
277 1589 353 1658 τάξις
367 1592 487 1650 πλεῦνας
504 1587 698 1663 ἐκεκοσμέατο,
713 1588 760 1646 καὶ
777 1592 890 1667 ἐπεῖχον
902 1592 970 1656 τούς

165 1676 312 1757 Τεγεήτας·
333 1676 411 1746 ἔταξε
425 1676 454 1734 δέ
468 1674 548 1735 οὕτω·
570 1674 585 1734 ὅ
598 1701 626 1734 τι
639 1677 690 1751 μὲν
703 1674 738 1750 ἦν
751 1675 837 1735 αι’κτοῦ
850 1675 969 1737 δυνατοί-

164 1789 248 1824 τατον
269 1768 325 1823 πᾶν
341 1763 488 1835 ἀπολέξας,
504 1765 606 1839 ἔστησε
625 1761 718 1822 άντίον
731 1763 967 1840 Λακεδαιμονίων·

164 1850 198 1909 τό
219 1850 248 1908 δέ
268 1849 470 1926 ἀσθενέστερον
488 1851 625 1929 παρέταξε
646 1849 716 1910 κατά
737 1850 802 1913 τούς
817 1852 968 1932 Τεγεήτας·

165 1941 252 1998 ταῦτα
270 1936 293 1996 δ’
313 1937 402 1997 ἐποίεε
419 1937 579 2014 φραζόντων
597 1964 628 1997 τε
647 1939 693 1995 καὶ
709 1937 895 1998 διδασκόντων
912 1948 968 2016 Θη-

165 2027 263 2104 βαίων.
299 2027 432 2104 Περσέων
446 2027 475 2085 δὲ
489 2027 637 2105 ἐχομένους
651 2026 729 2094 ἔταξε
742 2027 866 2102 Μήδους·
889 2025 968 2088 οὗτοι

167 2114 196 2174 δέ
223 2118 344 2196 ἐπέσχον
370 2115 537 2192 Κορινθίους
567 2140 597 2173 τε
625 2114 671 2172 καὶ
697 2113 892 2189 Ποτιδαιήτας,
922 2117 969 2175 καὶ

165 2201 361 2281 Ὀρχομενίους
387 2229 418 2262 τε
441 2202 487 2260 καὶ
510 2202 683 2265 Σικυωνίους.
725 2200 828 2277 Μήδων
853 2202 883 2262 δὲ
906 2208 968 2282 ἐχο-

166 2291 264 2365 μένους
287 2289 365 2357 ἔταξε
390 2289 552 2364 Βακτρίους·
588 2285 664 2347 οὗτοι
691 2288 721 2348 δὲ
744 2291 866 2367 ἐπέσχον
889 2289 969 2350 Ἐπι-

167 2376 292 2452 δαυρίους
307 2402 337 2435 τε
359 2376 406 2434 καὶ
425 2376 608 2451 Τροιζηνίους,
630 2377 676 2435 καὶ
696 2377 856 2454 Λεπρεήτας
872 2403 903 2436 τε
923 2381 970 2438 καὶ

167 2463 333 2539 Τιρυνθίους,
349 2463 394 2520 καὶ
408 2462 585 2536 Μυκηναίους
597 2489 628 2522 τε
642 2465 688 2522 καὶ
701 2466 863 2528 Φλιασίους.
896 2466 969 2541 μετὰ

167 2550 197 2608 δὲ
211 2551 363 2626 Βακτρίους
381 2551 485 2626 ἔστησε
500 2549 611 2613 Ἰνδούς·
637 2549 713 2610 οὗτοι
728 2551 758 2610 δὲ
772 2552 893 2630 ἐπέσχον
906 2552 968 2629 Ἑρ·

167 2637 279 2714 μιονέας
295 2663 326 2697 τε
344 2639 389 2696 καὶ
406 2637 570 2715 Ἐρετριέας,
589 2639 635 2697 καὶ
649 2641 770 2717 Στυρέας
785 2652 820 2699 τε
830 2640 876 2698 καὶ
890 2644 968 2698 Χαλ-

168 2724 267 2788 κιδέας.
300 2724 394 2785 Ἰνδῶν
404 2726 435 2785 δέ
444 2728 593 2806 ἐχομένους
603 2726 695 2790 Σάκας
705 2727 792 2795 ἔταξε·
810 2727 836 2786 οἲ
847 2727 970 2806 ἐπέσχον

167 2812 375 2891 Ἀμπρακιήτας
395 2840 426 2873 τε
447 2816 493 2872 καὶ
511 2813 712 2892 Ἀνακτορίους,
735 2815 781 2873 καὶ
793 2813 969 2884 Λευκαδίους,

169 2903 214 2961 καὶ
233 2902 356 2975 Παλέας,
376 2901 422 2960 καὶ
441 2900 600 2980 Αἰγινήτας.
641 2902 752 2965 Σακέων
773 2903 802 2962 δέ
822 2902 971 2981 ἐχομένους

170 2991 246 3060 ἔταξε
259 2989 339 3051 α’ντία
352 2989 506 3064 Ἀθηναίων
523 3015 554 3048 τε
573 2989 619 3048 καὶ
635 2992 801 3051 Πλαταιέων
815 2991 861 3050 καὶ
873 2996 970 3070 Μεγα·

166 3079 238 3156 ρέων
251 3077 388 3141 Βοιωτούς
407 3102 438 3138 τε
459 3077 505 3135 καὶ
517 3078 650 3154 Λοκρούς,
665 3078 710 3137 καὶ
731 3080 859 3155 Μηλιέας
875 3103 906 3137 τε
924 3078 971 3137 καὶ

158 3168 342 3244 (θεσσαλοῦς,
371 3167 420 3229 καὶ
439 3165 557 3227 Φωκέων
578 3165 643 3228 τοὺς
661 3165 779 3242 χιλίους·
811 3165 843 3220 ob
861 3164 917 3239 γὰρ
937 3163 971 3221 &w

145 3256 276 3326 ἅπαντες
299 3265 331 3326 οἱ
351 3259 466 3327 Φωκέες
487 3257 640 3340 ἐμήδισαν·
664 3249 745 3310 ἄλλά
758 3270 832 3308 τινες
843 3244 932 3302 αἰτιῶν
948 3245 995 3297 κάκ
