2024 3450
152 119 183 166 τι
465 116 647 165 αυοΔοτου
907 111 961 178 [νὴ

68 255 72 261 ,
149 199 177 258 ές
197 194 333 275 διώρυχας
349 195 481 271 ἑξήκοντα
496 196 541 252 καὶ
554 196 722 272 τριηκοσίας.
766 200 796 254 έκ
813 195 842 253 δὲ
855 194 959 271 ταύτης

149 287 200 358 τῆς
223 282 371 360 Ἀρμενίης
397 282 573 359 ε’σβάλλοντι
600 288 628 346 ές
652 283 704 359 την
725 280 872 357 Ματιηνὴν
892 287 957 362 γῆν,

150 371 276 448 σταθμοί
287 376 343 431 εἶσι
353 373 494 448 τέσσερες.
525 376 554 430 ε’κ
568 371 597 429 δὲ
611 370 713 446 ταύτης
721 376 748 433 ές
760 368 812 445 την
827 370 956 445 Κισσίην

149 459 243 537 χώρην
264 460 472 536 μεταβαίνοντι,
495 459 590 519 ἕνδεκα
614 459 746 535 σταθμοὶ,
770 456 958 539 παρασάγγαι
986 459 988 463 ’

149 547 179 605 δὲ
193 545 243 610 δύο
256 548 301 606 καὶ
314 547 521 624 τεσσεράκοντα
536 547 581 605 καὶ
594 545 684 623 ἥμισύ
694 552 756 606 ε’στι
770 546 815 604 ε’πὶ
826 545 958 622 ποταμόν

149 633 298 712 Χοάσπην,
320 636 402 696 ἐόντα
429 637 476 695 καὶ
497 639 597 695 τοῦτον
621 636 835 712 νηυσιπέρητον·
866 634 909 693 ἐπ’
934 632 957 714 ᾧ

82 796 88 803 1
150 724 248 786 Σοῦσα
260 724 344 786 πόλις
359 723 542 782 πεπόλισται.
583 720 660 782 οὗτοι
674 726 701 781 οἱ
714 722 815 784 πάντες
828 723 959 799 σταθμοί

150 815 206 869 εἰσι
221 812 315 870 ἕνδεκα
326 811 372 870 καὶ
386 810 492 869 ἑκατόν.
522 811 681 891 καταγωγαὶ
694 812 746 886 μέν
759 836 807 870 νυν
817 811 957 887 σταθμῶν

101 901 140 956 53
150 899 289 956 τοσαῦταί
298 901 353 956 εἶσι
367 901 397 955 ἐκ
412 897 536 973 Σαρδίων
550 903 577 961 ές
591 901 690 961 Σοῦσα
699 897 890 974 ἀναβαίνοντι.
918 905 957 961 Εἰ

149 985 179 1042 δὲ
195 983 283 1060 ὀρθῶς
298 986 469 1061 μεμέτρηται
487 983 506 1060 ἡ
525 984 588 1048 ὁδός
608 984 627 1061 ἦ
647 986 790 1061 βασιληίη
806 989 883 1045 τοῖσι
901 1013 955 1044 πα-

149 1071 322 1153 ρασάγγησι,
351 1073 396 1131 καὶ
423 1071 439 1131 ό
463 1071 651 1153 παρασάγγης
672 1072 785 1132 δύναται
804 1073 956 1150 τριήκοντα

150 1159 260 1228 στάδια,
278 1159 373 1236 ὥσπερ
390 1158 470 1222 οὗτός
487 1186 520 1239 γε
541 1159 654 1219 δύναται
672 1165 767 1230 ταῦτα,
783 1165 813 1220 ἐκ
830 1162 956 1238 Σαρδίων

153 1247 253 1306 στάδιά
268 1253 329 1307 ἐστι
343 1252 370 1310 ές
383 1246 418 1306 τά
432 1247 575 1323 βασιληία
587 1247 624 1306 τά
637 1247 783 1325 Μεμνόνια
798 1248 955 1324 καλεόμενα

149 1335 320 1395 πεντακόσια
339 1336 385 1394 καὶ
402 1336 550 1413 τρισχίλια
568 1336 614 1393 καὶ
633 1335 728 1412 μύρια,
747 1339 955 1418 παρασαγγέων

149 1421 248 1483 ε’όντων
267 1423 438 1499 πεντήκοντα
456 1423 501 1482 καὶ
519 1425 714 1500 τετρακοσίων·
735 1424 955 1500 πεντήκονταδέ

150 1511 195 1569 καὶ
209 1511 306 1572 ἑκατόν
319 1512 421 1574 στάδια
434 1511 476 1570 ἐπ’
489 1511 579 1592 ἡμέρη
594 1511 698 1591 ἑκάστη
715 1512 857 1582 διεξιοῦσι,
877 1512 955 1573 άναι-

101 1600 140 1656 54
150 1604 298 1675 σιμοῶνται
324 1600 426 1678 ἡμέραι
453 1601 556 1678 άπαρτὶ
580 1600 767 1676 ἐννενήκοντα.
811 1600 891 1659 Οὕτω
914 1604 955 1682 τῷ

148 1690 283 1767 Μιλησίῳ
296 1688 496 1770 Ἀρισταγόρῃ,
512 1690 619 1749 εἴπαντι
635 1690 705 1766 πρός
721 1690 885 1765 Κλεομένεα
903 1691 956 1751 τόν

151 1775 370 1851 Λακεδαιμόνιον
394 1776 463 1835 εἶναι
486 1780 569 1851 τριῶν
595 1780 688 1852 μηνῶν
708 1775 761 1851 την
783 1777 881 1837 ἄνοδον
902 1779 954 1854 την

150 1861 227 1938 παρά
237 1863 372 1937 βασιλέα,
385 1863 474 1938 ὀρθῶς
488 1865 590 1939 εἴρητο.
620 1867 643 1920 εἰ
656 1863 687 1920 δέ
698 1888 740 1924 τις
748 1864 781 1922 τό
792 1864 953 1940 άτρεκέστε·

149 1973 199 2024 ρον
213 1947 317 2008 τούτων
332 1949 371 2008 έτι
385 1948 500 2023 δίζηται,
516 1949 569 2028 ε’γῶ
586 1949 632 2006 καὶ
645 1952 729 2007 τοῦτο
747 1953 887 2023 σημανέω·
902 1956 956 2030 τὴν

149 2035 204 2116 γάρ
219 2036 250 2106 ἐξ
262 2035 389 2112 Ἐφέσου
406 2039 433 2098 ές
451 2033 552 2111 Σάρδις
566 2034 632 2094 ὁδόν
645 2035 687 2093 δεῖ
699 2038 955 2116 προσλογίσασθαι

149 2124 245 2203 ταύτῃ·
288 2124 334 2182 καὶ
362 2123 396 2198 δη
422 2123 496 2203 λέγω
523 2122 653 2186 σταδίους
674 2123 742 2183 εἶναι
762 2123 827 2186 τούς
847 2127 954 2195 πάντας

149 2211 205 2271 α’πδ
221 2210 371 2287 θαλάσσης
384 2213 435 2286 τῆς
447 2210 616 2285 Ἑλληνικῆς
625 2213 709 2290 μέχρι
721 2212 845 2283 Σούσων,
857 2215 954 2295 (τοῦτο

148 2298 204 2378 γάρ
227 2296 426 2374 Μεμνόνιον”
407 2323 480 2357 αστυ
501 2299 652 2379 καλέεταα)
675 2300 884 2378 τεσσεράκοντα
905 2310 954 2367 καὶ

149 2385 392 2463 τετρακισχιλίους
410 2385 456 2445 καὶ
474 2387 597 2462 μυρίους·
618 2390 646 2446 οί
663 2388 718 2467 γάρ
739 2388 787 2458 ε’ξ’
788 2392 939 2467 Εφέσου’
925 2419 953 2456 ες

150 2465 290 2542 Σάρδις’
267 2466 323 2525 εισὶ
339 2466 548 2580 τεσσεράκοντα
565 2468 610 2526 καὶ
628 2469 809 2530 πεντακόσιοι
830 2472 952 2534 στάδιοι·

151 2555 196 2612 καὶ
210 2553 280 2616 οὕτω
292 2556 369 2633 τρισὶ
382 2555 504 2635 ἡμέρῃσι
517 2555 667 2633 μηκύνεται
680 2557 699 2633 ἡ
712 2559 844 2635 τρίμηνος
856 2559 929 2624 ὁδός.

102 2644 140 2700 55
188 2641 427 2720 Ἀπελαυνόμενος
446 2647 475 2705 δὲ
489 2644 504 2704 ό
519 2644 724 2726 Ἀρισταγόρης
742 2651 772 2704 ε’κ
791 2650 842 2722 τῆς
859 2647 952 2724 Σπάρ·

149 2755 206 2804 της,
230 2729 273 2803 ἦῖε
296 2735 322 2792 ἐς
341 2733 393 2794 ’τάς
416 2731 537 2807 Ἀθήνας
563 2733 714 2812 γενομένας
733 2733 872 2810 τυράννων
899 2733 963 2796 ὦδε·

151 2817 305 2892 ἐλευθέρας·
320 2817 543 2898 ἐπεὶἽππαρχον
552 2819 602 2881 τόν
612 2821 830 2899 Πεισιστράτου,
839 2821 953 2882 Ἱππίεω

149 2903 179 2962 δὲ
191 2907 243 2962 τοῦ
255 2903 389 2982 τυράννου
409 2904 558 2983 ἀδελφεόν,
574 2908 667 2969 ιδόντα
686 2909 785 2988 όψιν’
772 2911 899 2971 ενυπνίου
913 2914 954 2990 τῶ

150 2995 251 3052 έωυτου
238 2994 371 3054 πάθεῖ’
358 2994 572 3076 εναργεστάτην,
587 2998 725 3057 κτείνουσι
736 2997 983 3080 Ἀριστογείτων

151 3080 198 3140 καὶ
215 3079 420 3159 Αρμόδιος,’
385 3109 464 3164 γενος
481 3080 571 3147 ε’όντες
587 3110 622 3145 τα
614 3083 772 3145 ἀνέκαθεν
790 3089 953 3162 Γεφυραῖοι,

130 3192 210 3240 μετα
224 3195 314 3232 ταντα
325 3169 540 3250 ἐτυραννεύοντο
548 3171 747 3249 Ἀθηναῖοι”
709 3198 743 3231 επ
763 3197 826 3230 ετεα
834 3174 961 3246 τέσσερα

64 3249 115 3303 56
121 3251 247 3312 ουὸ
177 3279 333 3332 ενησσον,
350 3260 435 3324 αλλα
446 3289 496 3322 και
485 3258 674 3340 μᾶλλον,
655 3286 676 3335 η
690 3285 750 3335 προ
762 3282 827 3314 του
858 3255 904 3309 λλ
926 3281 976 3325 W
