2024 3450
82 99 119 157 46,
134 97 175 160 27]
387 96 573 146 KAAAIOIIH·
829 95 877 142 293
894 105 898 109 '

82 173 202 232 κατιέναι
215 173 398 248 ’Ἡρακλείδας
416 174 461 232 ε’πὶ
474 173 510 232 τά
525 173 658 248 πατρώϊα·
679 171 713 248 ἢν
727 173 756 232 δὲ
769 173 876 251 νικηθῇ,

82 261 115 321 τοὶ
134 262 254 338 ἔμπαλιν
270 258 454 336 Ἡρακλείδας
471 259 721 330 ἀπαλλάσσεσθαι,
741 262 786 319 καὶ
806 259 877 320 ἀπά-

81 376 139 431 γειν
165 349 217 426 τὴν
243 347 386 426 στρατιήν·
418 347 515 410 ἑκατόν
536 374 567 408 τε
594 349 674 408 ε’τέων
694 347 734 423 μὴ
758 351 877 424 ζητῆσαι

82 438 197 498 κάτοδον
225 442 252 503 ές
279 436 509 512 Πελοπόννησον.
552 435 702 512 προεκρίθη
729 461 760 494 τε
786 435 819 510 δὴ
847 441 877 494 ε’κ

81 525 189 586 πάντων
205 523 362 603 συμμάχων
379 524 526 598 έθελοντῆς
545 521 668 601 Ἔχεμος
690 521 707 582 ἀ
728 521 876 598 Ἠερόπου,

80 617 130 671 τοῦ
150 614 265 692 Φηγέος,
284 611 441 693 στρατηγός
457 637 488 671 τε
507 610 558 671 ε’ἀν
572 610 617 668 καὶ
629 609 770 687 βασιλεύς
782 608 877 685 ἡμέτε-

80 726 137 776 ρος·
159 701 204 757 καὶ
222 699 437 778 ἐμουνομάχησέ
451 725 482 759 τε
499 700 544 757 καὶ
559 698 699 758 ἀπέκτεινε
708 696 827 756 Ὕλλον·
848 701 879 754 ἐκ

81 784 180 844 τούτου
189 790 239 845 τοῦ
250 787 331 867 ἔργου
342 787 478 864 εύρόμεθα
489 792 518 847 έν
530 791 606 846 τοῖσι
621 784 879 861 Πελοποννησίοισι

80 875 157 932 τοῖσι
174 873 238 933 τότε
255 875 300 933 καὶ
316 873 393 934 ἄλλα
408 876 491 956 γέρεα
510 873 630 955 μεγάλα,
647 873 682 934 τά
702 872 879 949 διατελέομεν

82 960 198 1039 ἔχοντες,
216 961 326 1023 καὶτοῦ
344 963 437 1040 κέρεος
453 967 503 1022 τοῦ
522 963 615 1040 ἑτέρου
633 963 686 1022 αἰεὶ
701 960 878 1043 ἡγεμονεύειν

81 1053 173 1125 κοινῆς
187 1049 281 1120 ε’ξόδου
301 1051 455 1131 γινομένης·
469 1049 547 1127 ἡμῖν
564 1052 616 1128 μέν
630 1077 686 1120 νυν,
706 1049 727 1110 ὦ
744 1049 876 1109 Λακεδαι·

79 1134 179 1212 μόνιοι,
192 1139 240 1197 ούκ
255 1138 428 1217 ἀντιεύμεθα·
442 1137 519 1198 ἀλλά
532 1138 652 1202 διδόντες
664 1139 772 1217 αἵρεσιν
786 1137 877 1198 ὁκοτέ-

79 1249 131 1298 ρου
143 1224 288 1299 βούλεσθε
303 1228 395 1304 κέρεος
409 1227 513 1306 ἄρχειν,
527 1229 669 1305 παρίεμεν·
685 1231 735 1287 τοῦ
745 1226 774 1284 δὲ
785 1225 879 1300 ἑτέρου

81 1314 174 1387 φαμὲν
190 1313 277 1390 ἡμέας
296 1316 435 1374 ἱκνέεσθαι
451 1314 635 1394 ἡγεμονεύειν,
654 1312 776 1388 κατάπερ
796 1315 823 1369 έν
840 1313 881 1388 τῷ

80 1398 189 1474 πρόσθε
211 1400 312 1477 χρόνῳ.
352 1403 436 1478 χωρίς
456 1427 486 1459 τε
506 1401 605 1460 τούτου
627 1404 677 1459 τοῦ
698 1397 879 1476 ἀπηγημένου

81 1484 169 1562 ἔργου,
200 1483 398 1562 ἀξιονικότεροί
421 1491 494 1562 εἰμεν
519 1487 673 1562 Ἀθηναίων
698 1483 801 1560 ταύτην
826 1483 879 1559 τῆν

80 1571 159 1641 τάξιν
176 1573 257 1648 ἔχειν·
284 1573 389 1632 πολλοὶ
404 1575 456 1649 μὲν
470 1572 526 1653 γάρ
538 1598 569 1632 τε
583 1573 629 1631 καὶ
645 1571 674 1632 εὖ
688 1573 796 1650 ἔχοντες
808 1571 878 1648 πρός

80 1658 165 1735 ύμέας
178 1659 253 1734 ἡμῖν,
274 1659 369 1737 ἀνδρες
388 1662 570 1738 Σπαρτιῆται,
584 1660 686 1740 α’γῶνες
704 1659 877 1739 ἀγωνίδαται,

79 1749 185 1803 πολλοὶ
203 1746 232 1803 δὲ
253 1747 298 1804 καὶ
316 1748 387 1825 πρός
405 1748 519 1810 ἄλλους·
541 1747 610 1808 οὕτω
624 1747 660 1808 ὦν
673 1747 760 1825 ἡμέας
773 1747 878 1806 δίκαιον

79 1834 152 1912 ἔχειν
164 1832 197 1892 τό
213 1834 306 1911 ἕτερον
321 1836 409 1911 κέρας,
424 1834 496 1913 ἥπερ
511 1836 682 1912 Ἀθηναίους·
704 1834 736 1895 ού
752 1834 807 1916 γάρ
820 1834 879 1909 σφί

79 1925 140 1981 ε’στι
155 1922 222 2002 ἔργα
236 1922 281 1982 οἷά
295 1949 347 2000 περ
361 1922 429 2000 ἡμῖν
443 1923 661 2004 κατεργασμένα,
676 1921 731 1983 οὔτ’
745 1921 782 1982 ὧν
795 1922 878 1981 καινάι

78 2008 284 2069 ούτεπαλαιά.”

119 2101 156 2158 Οἱ
175 2095 336 2175 μέν’ταῦτα
357 2099 462 2180 ἔλεγον·
490 2097 633 2174 Ἀθηναῖοι
654 2097 683 2156 δὲ
704 2095 774 2174 πρός
789 2097 924 2155 ταῦτα27

77 2184 258 2264 ύπεκρίναντο
276 2187 350 2247 τάδε·
373 2186 573 2264 ἰε’πιστάμεθα
589 2188 641 2263 μὲν
657 2183 776 2246 σύνοδον
797 2183 877 2259 τήνδε

76 2272 169 2352 μάχης
187 2276 276 2335 εἵνεκα
294 2280 468 2356 συλλεγῆναι
484 2275 554 2353 πρός
569 2273 619 2334 τάν
636 2273 795 2352 βάρβαρον,
811 2269 878 2332 ἀλλ’

78 2359 109 2419 αι’·
129 2362 230 2441 λόγων.
272 2362 331 2421 ἐπεὶ
352 2362 381 2421 δὲ
402 2361 418 2422 ὁ
446 2363 583 2444 Τεγεήτης
609 2362 747 2439 προέθηκε
770 2360 879 2419 παλαιά

77 2448 124 2504 καὶ
144 2450 224 2508 καινοὶ
243 2451 336 2529 λέγειν
355 2449 392 2509 τοὶ
412 2451 568 2528 ἑκατέροισι
586 2454 615 2509 ἐν
632 2453 671 2528 τῷ
687 2449 770 2509 παντὶ
786 2447 878 2528 χρόνῳ

78 2535 265 2615 κατέργασται
280 2537 401 2614 χρηστά,
419 2537 572 2618 ἀναγκαίως
589 2537 657 2614 ἡμῖν
678 2536 734 2615 ἔχει
752 2536 878 2612 δηλῶσαι

77 2621 147 2698 πρός
167 2621 260 2699 ἡμέας,
281 2622 345 2682 ὅθεν
365 2623 433 2699 ἡμῖν
452 2623 590 2701 πατρώϊόν
620 2629 689 2693 ε’στι,
709 2629 787 2685 εὀῦσι
810 2649 878 2702 χρη·

77 2713 174 2769 στοῖσι
184 2712 244 2782 αἰεὶ,
259 2710 396 2788 πρώτοισι
410 2710 478 2772 εἶναι
491 2715 605 2788 μᾶλλον
617 2710 773 2789 ἡἈρκιίσι·
791 2711 877 2790 Ἡρα-

77 2797 188 2860 κλείδας
203 2799 260 2857 τῶν
276 2795 352 2858 οὗτοι
370 2800 445 2874 φασὶ
460 2798 621 2859 ἀποκτεῖναι
640 2799 689 2860 τάν
705 2798 831 2879 ἡγεμόνα
848 2803 877 2858 ἐν
929 2813 936 2865 ’,

75 2881 189 2965 Ἰσθμῷ,
204 2889 288 2945 τοῦτο
304 2889 357 2964 μὲν
374 2885 488 2950 τούτους
500 2886 636 2965 πρότερον
650 2886 878 2960 ἐξελαυνομένους

76 2968 130 3030 ύπδ
141 2972 251 3035 πάντων
260 2978 315 3034 τῶν
325 2973 470 3049 Ἑλλήνων
482 2979 510 3038 ἒς
523 2973 587 3037 τούς
600 2973 746 3033 ἀπικοίατο
760 2970 877 3049 φεύγον-

75 3083 121 3121 τες
140 3060 313 3138 δουλοσύνην
332 3062 403 3141 πρός
427 3063 603 3138 Μυκηναίων,
625 3064 723 3138 μοῦνοι
744 3058 881 3124 ἀποδεξά-

74 3173 160 3223 μενοι,
175 3148 228 3224 τῆν
238 3149 404 3228 Είρυσθέος
414 3149 503 3231 ὕβριν
516 3152 701 3226 κατείλομεν,
712 3145 768 3204 συν
785 3144 913 3200 κείυοιου

100 3233 110 3252 t

60 3258 151 3364 W}
155 3236 334 3365 3Vtk12'0avree
350 3241 420 3306 τούς
438 3243 509 3304 πέντε
528 3243 657 3322 ἔχοντας
671 3227 935 3294 mmmmm*
