2024 3450
73 115 121 161 οτι
379 108 560 157 ὀνοιοτοτ
812 109 874 174 [1x.
990 34 993 111 Ι

74 194 104 251 εὖ
120 192 300 268 ἐστρωμένας,
316 190 362 248 καὶ
378 190 516 267 τραπέζας
535 214 567 248 τε
586 187 720 268 χρυσέας1
729 190 777 249 καὶ
792 189 876 272 ἀργο-

73 283 145 358 ρέας,
171 280 216 336 καὶ
242 279 422 355 παρασκευήν
442 277 661 359 μεγαλοπρεπέα
680 281 733 338 τοῦ
753 278 876 351 δείπνου,

72 368 246 447 ἐκπλαγέντα
275 366 312 425 τά
340 367 506 444 προκείμενα
538 364 640 445 α’γαθά,
670 369 805 426 κελεῦσαι
831 371 878 427 ἐπὶ

71 456 174 537 γέλωτι
192 454 256 519 τούς
274 458 373 513 ἑωυτοῦ
392 454 535 529 διηκόνους
550 452 767 529 παρασκευάσαι
780 460 878 516 Λακω-

71 543 148 604 νικόν
157 544 276 603 δεῖπνον·
291 542 326 606 ὥς
339 543 368 601 δὲ
376 547 426 617 τῆς
435 542 528 617 θοίνης
540 541 705 616 ποιηθείσης
717 540 753 618 ἦν
766 546 879 605 πολλόν

72 632 106 692 τό
119 631 216 708 μέσον,
226 631 276 691 τόν
286 630 451 704 Παυσανίην
461 629 622 709 γελάσαντα
635 631 879 709 μεταπέμψασθαι

72 723 128 779 τῶν
152 717 297 793 Ἑλλήνων
321 717 387 779 τούς
414 716 597 796 στρατηγούς·
631 716 826 778 συνελθόντων
849 720 879 779 δὲ

73 808 199 876 τουτέων,
211 810 296 865 εἰπεῖν
309 804 359 865 τόν
372 805 545 879 Παυσανίην,
556 803 697 863 δεικνύντα
709 809 737 868 ἐς
746 807 880 884 ἑκατέρην

72 900 122 954 τοῦ
150 895 260 954 δείπνου
286 892 338 968 τήν
364 890 553 970 παρασκευήν·
584 889 706 968 “άνδρες
727 891 880 970 Ἕλληνες,

73 983 157 1040 τῶνδε
172 983 260 1040 εἵνεκα
274 980 327 1060 ε’γώ
340 979 426 1056 ὑμέας
439 978 607 1060 συνήγαγον,
621 979 800 1056 βουλόμενος
813 982 880 1059 ὖμῖν

73 1068 153 1127 τοῦδε
173 1072 223 1126 τοῦ
245 1067 349 1142 Μήδων
369 1067 505 1147 ήγεμόνος
525 1067 576 1142 τήν
596 1066 763 1145 ἀφροσύνην
779 1070 879 1140 δεῖξαι·

74 1155 104 1218 ὃς
117 1155 224 1230 τοιήνδε
238 1154 344 1213 δίαιταν
358 1156 435 1232 ἔχων,
450 1153 521 1229 ἦλθε
535 1160 562 1218 ές
575 1153 664 1231 ήμέας
679 1154 751 1215 οὕτω
765 1155 880 1237 ὀῖζυρήν

75 1246 188 1323 ἔχοντας
220 1241 469 1319 ὀπαιρησόμενος·”
505 1247 591 1302 ταῦτα
624 1244 676 1318 μὲν
710 1249 880 1324 Παυσανίην

75 1334 187 1414 λέγεται
201 1336 286 1391 εἰπεῖν
299 1330 369 1409 πρός
383 1329 449 1393 τούς
466 1330 640 1412 στρατηγούς
651 1334 708 1391 τῶν
720 1329 876 1410 Ἑλλήνων,

28 1425 66 1481 83
74 1421 196 1500 ’Υστέριρ
220 1422 315 1498 μέντοι
336 1418 427 1499 χρόνῳ
448 1417 518 1495 μετά
544 1422 631 1479 ταῦτα
653 1419 699 1477 καὶ
719 1423 776 1480 τῶν
797 1428 879 1482 Πλα-

74 1511 172 1569 ταιέων
185 1508 264 1586 εὗρον
281 1509 381 1587 συχνοὶ
400 1506 486 1582 θήκας
504 1511 612 1585 χρυσοῦ
631 1507 677 1565 καὶ
694 1506 818 1588 ἀργύρου
833 1515 880 1571 καὶ

74 1602 129 1657 τῶν
142 1596 238 1656 ἄλλων
255 1596 414 1675 χρημάτων.
456 1593 545 1670 ε’φάνη
564 1594 593 1652 δὲ
613 1595 658 1653 καὶ
674 1593 739 1654 τόδε
758 1595 880 1677 ὕστερον

75 1687 115 1744 ἔτι
127 1685 237 1754 τούτων,
251 1689 307 1744 τῶν
322 1687 424 1760 νεκρῶν
442 1684 681 1760 περιψιλωθέντων
693 1684 744 1747 τάς
757 1685 879 1763 σάρκας·

75 1773 245 1849 συνεφόρεον
277 1772 331 1853 γὰρ
357 1771 393 1830 τά
422 1769 507 1830 ὀστέα
539 1774 565 1829 οἱ
592 1772 748 1835 Πλαταιέες
775 1778 804 1837 ἐς
831 1776 880 1837 ἕνα

74 1864 176 1938 χῶρον·
198 1860 295 1935 εὑρέθη
314 1859 425 1934 κεφαλή
440 1858 489 1917 οὐκ
508 1861 614 1937 ἔχουσα
628 1858 724 1936 ῥαφήν
738 1860 878 1939 οόδεμίαν,

75 1947 204 2018 ἀλλά-ἐξ
225 1946 284 2010 ἑνός
306 1951 392 2006 ἐοῦσα
411 1945 520 2005 ὀστέου·
549 1947 639 2023 ἐφάνη
659 1947 689 2005 δὲ
708 1947 754 2006 καὶ
773 1951 880 2029 γνάθος

75 2037 121 2096 καὶ
133 2037 167 2097 τό
185 2036 239 2097 ἅνω
255 2041 305 2112 τῆς
320 2035 432 2117 γνάθου,
450 2036 556 2114 ἔχουσα
573 2034 686 2097 ὀδόντας
700 2039 880 2113 μουνοφυέας

75 2127 107 2196 ἐξ
132 2126 191 2189 ἔνός
212 2125 313 2185 ὀστέου
334 2124 446 2196 πάντας,
469 2123 534 2186 τούς
556 2149 588 2182 τε
609 2121 721 2186 ὀδόντας
742 2123 790 2183 καὶ
812 2127 880 2190 τούς

75 2216 224 2293 γομφίους·
246 2214 292 2271 καὶ
305 2212 496 2290 πενταπήχεος
509 2209 609 2288 άνδρός
622 2209 709 2270 ὀστέα
721 2211 823 2293 ε’φάνη.

28 2303 66 2359 84
115 2298 197 2357 Ἐπεί
217 2326 248 2358 τε
269 2301 298 2356 δὲ
318 2300 479 2375 Μαρδονίου
500 2300 612 2377 δευτέρη
632 2298 723 2377 ἡμέρῃ
744 2298 760 2359 ό
781 2304 881 2378 νεκρός

75 2385 226 2462 η’φάνιστο·
246 2385 292 2443 ὑπ’
306 2384 368 2444 ὅτευ
388 2388 439 2461 μὲν
460 2385 619 2463 ἀνθρώπων,
641 2385 674 2447 τό
695 2385 808 2464 ἀτρεκὲς
828 2389 881 2451 οὐκ

76 2475 129 2552 ἔχω
148 2476 242 2531 εἰπεῖν·
263 2471 389 2534 πολλοός
410 2473 441 2531 δέ
456 2498 532 2535 τινας
552 2472 606 2550 ἤδη
625 2475 671 2533 καὶ
683 2475 882 2544 παντοδαποός

74 2560 183 2637 ἤκουσα
207 2559 295 2636 θάψαι
319 2559 486 2638 Μαρδόνιον,
511 2561 557 2619 καὶ
581 2562 655 2639 δῶρα
678 2562 791 2643 μεγάλα
815 2564 882 2625 οἶδα

75 2649 218 2724 λαβόντας
233 2647 360 2712 πολλοῦς
380 2649 456 2726 παρὰ
472 2648 625 2726 Ἀρτόντεω
645 2654 696 2710 τοῦ
717 2650 882 2728 Μαρδονίου

74 2737 172 2800 παιδός
191 2736 235 2796 διά
252 2741 336 2797 τοῦτο
352 2737 385 2797 τό
407 2739 496 2820 ἔργον.
538 2736 617 2800 ὅστις
629 2739 725 2815 μέντοι
739 2737 775 2814 ἦν
788 2731 882 2801 αὐτῶν
934 2790 939 2797 .

75 2825 91 2886 ὀ
104 2824 275 2903 ὑπελόμενός
284 2852 316 2886 τε
326 2826 371 2885 καὶ
380 2826 471 2906 θάψας
481 2825 530 2886 τόν
540 2826 637 2903 νεκρόν
647 2827 697 2886 τόν
707 2826 881 2904 Μαρδονίου,

76 2915 109 2974 οὐ
130 2914 247 2993 δύναμαι
267 2913 400 2992 άτρεκέως
420 2914 569 2975 πυθέσθαν
591 2915 648 2993 ἔχει
665 2916 696 2973 δέ
709 2940 772 2997 τινα
792 2913 883 2991 φάτιν

75 3005 121 3062 καὶ
135 3003 357 3078 Διονυσοφάνης,
369 3001 439 3078 ἁνήρ
452 3001 594 3077 Ἐφέσιος,
609 3001 697 3077 θάψαι
708 3001 879 3085 Μαρδόνιον.
930 3052 933 3057 .
949 3068 953 3073 ,

17 3088 140 3152 85α’λλ’
153 3091 174 3153 ὀ
181 3094 237 3171 μὲν
252 3089 348 3172 τρόπω
365 3089 482 3169 τοιούτω
495 3089 596 3165 ἐτάφη.
639 3093 676 3148 Οἱ
694 3090 724 3149 δὲ
736 3082 882 3167 Ἕλληνες

17 3162 23 3257 Ι
56 3179 96 3245 τός
109 3187 142 3245 ἐν
158 3186 338 3264 Πλαταιῇσι
354 3178 409 3259 τὴν
426 3179 511 3257 ληῒην
527 3177 677 3248 διείλοντο,
688 3176 808 3232 ἶθαπτσι
820 3178 889 3237 τοδς

57 3272 166 3337 ίουτῶν
189 3277 287 3358 χωρὶς
313 3272 444 3337 ἔκαστοι.
493 3259 716 3340 mmmmm*
739 3260 787 3332 ΜΨ
809 3258 910 3327 Ψῦνὶῖ
