2024 3450
89 98 227 162 ιον-ιιι]
429 101 542 149 υνκνο.
838 101 885 149 103

85 206 117 240 τε
130 179 255 256 οἰκέομεν
267 179 314 238 καὶ
328 177 394 255 ὖμῖν
412 177 506 253 τοιήδε
521 203 564 242 τις
579 180 679 260 γένοιτ’
693 180 728 242 ἂν
744 181 885 258 ἐπικουρίη

86 267 190 346 ψυχρή·
212 267 333 343 φθαίητε
345 264 402 347 γάρ
416 262 449 324 ἂν
462 265 603 331 πολλάκις
622 268 887 347 ἐξανδραποδισθέν-

87 381 132 418 τες
144 354 163 432 ἤ
175 381 237 416 τινα
250 353 391 414 πυθέσθαι
402 352 505 429 ἡμέων·
527 355 762 432 συμβουλεύομεν
774 357 805 415 δέ
821 355 887 434 ὑμῖν

86 442 181 503 δοῦναι
194 443 279 521 ὑμέας
292 441 391 503 αὖτοῦς
407 439 593 516 Ἀθηναίοισι,
606 443 836 522 πλησιοχῶροισί
853 470 884 504 τε

86 528 205 608 άνδράσι
226 531 273 590 καὶ
295 529 439 606 τιμωρέειν
464 532 543 588 ἐοῦσι
566 528 598 589 οὖ
620 530 757 590 κακοῖσι.”
798 535 885 590 ταῦτα

86 619 294 695 συνεβούλευον
320 620 347 675 οἱ
373 616 596 694 Λακεδαιμόνιοι,
624 617 656 678 οὗ
683 617 753 677 κατά
781 616 888 694 εὐνοίην

87 705 158 767 οὕτω
178 712 232 766 τῶν
246 705 420 774 Πλαταιέων,
434 704 470 768 ῶς
489 705 663 783 βουλόμενοι
679 706 743 768 τούς
760 705 888 781 Ἀθηναί-

86 820 135 857 ους
154 796 226 872 ἔχειν
246 793 347 855 πόνους
368 797 558 857 συνεστεῶτας
575 798 733 855 Βοιωτοῖσι·
754 793 888 854 Δακεδαι-

86 881 180 958 μόνιοι
191 882 245 959 μέν
258 907 305 941 νυν
320 885 498 942 Πλαταιεῦσι
518 887 605 943 ταῦτα
623 882 840 959 συνεβούλευον·
861 883 889 941 οῖ

87 969 119 1028 δέ
139 970 189 1029 οὐκ
210 969 381 1046 ἠπίστησαν,
403 969 470 1030 ἀλλ’
491 969 645 1047 Ἀθηναίων
669 970 715 1049 ῖριῖ
738 969 888 1031 ποιεύντων

87 1062 164 1120 τοῖσι
179 1058 282 1119 δῶδεκα
297 1060 395 1133 θεοῖσι,
413 1060 499 1120 ἱκέται
521 1060 641 1137 ἱζόμενοι
661 1061 707 1121 ἐπὶ
726 1061 776 1122 τόν
788 1057 889 1136 βωμόν

89 1147 216 1208 ἐδίδοσαν
229 1150 321 1224 σφέας
333 1148 443 1212 αὐτούς·
457 1150 581 1224 Θηβαῖοι
594 1149 623 1207 δέ
636 1149 789 1226 πυθόμενοι
801 1152 889 1208 ταῦτα

89 1237 287 1314 ἐστρατεύοντο
305 1237 354 1295 ἐπὶ
368 1237 433 1298 τούς
446 1236 616 1305 Πλαταιέας,
629 1235 774 1312 Ἀθηναῖοι
789 1236 821 1294 δέ
833 1242 890 1310 σφι

89 1325 233 1399 ἐβοήθεον·
254 1323 418 1401 μελλόντων
438 1323 470 1381 δὲ
491 1323 643 1382 συνάπτειν
664 1323 767 1402 μάχην,
789 1323 890 1398 Κορίν-

89 1411 145 1468 θιοι
159 1410 190 1469 οὐ
204 1411 352 1486 περιεῖδον·
375 1410 583 1486 παρατυχόντες
597 1409 626 1467 δέ
640 1410 686 1467 καὶ
699 1407 890 1476 καταλλάξαν·

89 1520 133 1557 τες
155 1495 359 1572 ἐπιτρεψάντων
380 1495 554 1571 ἀμφοτέρων,
577 1493 693 1571 οὔρισαν
720 1494 773 1568 τὴν
798 1495 891 1572 χῶρην

90 1582 137 1639 ἐπὶ
156 1581 261 1640 τοῖσδε·
283 1585 330 1638 ἐῶν
345 1581 489 1654 Θηβαίους
503 1583 631 1638 Βοιωτῶν
651 1580 715 1643 τους
733 1580 773 1655 μὴ
786 1582 891 1655 βουλο-

90 1669 189 1743 μένους
203 1673 229 1730 ἐς
240 1667 377 1729 Βοιωτοῖς
389 1667 504 1725 τελέειν.
534 1666 679 1742 Κορίνθιοι
692 1671 744 1745 μέν
757 1667 790 1744 δὴ
803 1672 891 1728 ταῦτα

89 1756 202 1836 γνόντες
211 1754 449 1830 ἀπαλλάσσοντο·
469 1753 645 1830 Ἀθηναίοισι
658 1755 688 1814 δέ
701 1755 818 1816 άπιοῦσι
831 1761 891 1816 ἐττε-

92 1843 212 1918 θήκαντο
222 1843 348 1912 Βοιωτοὶ,
361 1843 518 1919 ἐπιθέμενοι
531 1842 560 1901 δέ
575 1842 744 1921 ἐσσῶθησαν
756 1848 793 1924 τῇ
802 1844 890 1924 μάχῃ·

91 1928 262 2007 ὑπερβάντες
276 1930 305 1990 δέ
320 1933 346 1990 οἱ
360 1929 504 2006 Ἀθηναῖοι
516 1930 582 1994 τοιῖς
595 1933 621 1990 οῖ
632 1933 777 2009 Κορίνθιοι
790 1933 892 2010 ἔθηκαν

91 2023 267 2078 Πλαταιεῦσι
292 2019 361 2079 εἶναι
386 2017 492 2095 οὔρους,
514 2018 629 2081 τούτους
649 2019 821 2096 ὖπερβόντες
841 2021 890 2082 τόν

90 2099 220 2166 Ἀσωπόν
241 2107 327 2168 αὐτῶν
350 2105 519 2182 ἐποιήσαντο
541 2105 624 2184 οὖρον
644 2107 800 2182 Θηβαίοισι
823 2109 893 2185 πρός

90 2197 251 2258 Πλαταιέας
265 2195 392 2255 εἶναικαὶ
405 2193 509 2258 Ὑσιάς
546 2194 647 2254 ἔδοσαν
659 2197 712 2272 μὲν
725 2194 759 2270 δὴ
773 2198 800 2255 οἶ
811 2201 893 2256 Πλα-

88 2284 177 2346 ταιέες
187 2285 279 2359 σφέας
289 2283 390 2347 αὐτοῖς
403 2281 579 2359 Ἀθηναίοισι
592 2281 685 2364 τρόπῳ
699 2286 737 2362 τῷ
751 2284 892 2366 εἰρημένῳ·

63 2380 66 2386 ’
89 2368 158 2446 ἧκον
178 2371 208 2430 δέ
228 2372 291 2431 τότε
313 2377 341 2435 ἐς
362 2372 523 2448 Μαραθῶνα
543 2371 720 2446 βοηθέοντες.

131 2463 215 2516 Τοῖσι
228 2460 257 2518 δὲ
269 2459 424 2536 Ἀθηναίων
434 2461 622 2539 στρατηγοῖσι
632 2460 756 2540 ἐγίνοντο
769 2461 835 2540 δίχα
845 2464 874 2520 αἱ
884 2464 939 2521 109

91 2547 207 2624 γνῶμαι,
220 2551 275 2606 τῶν
294 2550 346 2623 μὲν
367 2546 417 2605 οὐκ
437 2545 542 2606 ἐῶντων
565 2546 756 2623 συμβάλλειν·
781 2548 894 2629 ὀλίγους

91 2632 146 2712 γάρ
171 2633 241 2693 εἶναι
262 2638 381 2711 στρατιῇ
400 2637 436 2711 τῇ
458 2633 563 2709 Μήδων
584 2635 770 2711 συμβαλέειν·
794 2637 895 2697 τῶνδὲ

93 2720 139 2779 καὶ
158 2721 318 2781 Μιλτιάδεω
338 2720 514 2782 κελευόντων·
539 2720 574 2785 ὦς
593 2722 623 2781 δέ
638 2722 705 2802 δίχα
722 2749 754 2783 τε
772 2724 895 2804 ἐγίνοντο

92 2809 139 2867 καὶ
160 2810 235 2869 ἐνίκα
255 2810 274 2886 ἦ
293 2809 392 2889 χείρων
412 2813 467 2868 τῶν
486 2810 623 2890 γνωμέων,
642 2811 768 2881 ἐνθαῦτα,
785 2810 821 2887 ἢν
840 2811 895 2892 γοὶρ

92 2896 235 2961 ἑνδέκατος
246 2897 445 2976 ψηφιδοφόρος
455 2895 471 2956 ό
481 2901 519 2975 τῷ
529 2896 624 2977 κυάμῳ
636 2898 733 2977 λαχῶν
742 2897 896 2973 Ἀθηναίων

92 2987 306 3069 πολεμαρχέειν·
327 2984 360 3045 τό
378 2983 501 3044 παλαιόν
517 2984 572 3066 γάρ
586 2984 733 3061 Ἀθηναῖοι
744 2984 899 3059 ὁμόψηφον

92 3069 142 3129 τῶν
166 3073 352 3155 πολέμαρχον
376 3077 526 3136 ἐποιεῦντο
548 3076 633 3134 τοῖσι
656 3069 870 3147 στραττῖηᾶνῦῑς
887 3064 938 3156 *Wx

82 3154 115 3213 δέ
135 3156 202 3218 τότε
217 3164 413 3249 πολέμαρχος
432 3158 665 3245 Παλλίμαχος’
677 3153 851 3232 λφιλυοῗιος·
883 3159 968 3232 mo}

116 3247 129 3263 Α

73 3266 182 3322 ⁷⁰qu
201 3252 300 3332 ἕδθιδν
322 3257 509 3334 Μιλτιάδης
532 3257 627 3333 ἔλεγε
647 3245 740 3327 τόδε·-
756 3239 823 3311 “ky
849 3222 911 3298 *ἶὶῗὲ
926 3232 992 3286 W?
