<?xml version="1.0" encoding="UTF-8"?>
<!DOCTYPE html PUBLIC "-//W3C//DTD XHTML 1.0 Transitional//EN"
    "http://www.w3.org/TR/xhtml1/DTD/xhtml1-transitional.dtd">
<html xmlns="http://www.w3.org/1999/xhtml" xml:lang="en" lang="en">
 <head>
  <title>
</title>
<meta http-equiv="Content-Type" content="text/html;charset=utf-8" />
  <meta name='ocr-system' content='tesseract 3.04.00' />
  <meta name='ocr-capabilities' content='ocr_page ocr_carea ocr_par ocr_line ocrx_word'/>
</head>
<body>
  <div class='ocr_page' id='page_1' title='image "./recensuitjoseph01herogoog_0162.png"; bbox 0 0 2024 3450; ppageno 0'>
   <div class='ocr_carea' id='block_1_1' title="bbox 27 91 1012 3310">
    <p class='ocr_par' dir='ltr' id='par_1_1' title="bbox 107 91 967 1390">
     <span class='ocr_line' id='line_1_1' title="bbox 121 91 916 158; baseline -0.005 -16"><span class='ocrx_word' id='word_1_1' title='bbox 121 92 231 158; x_wconf 80' lang='grc' dir='ltr'>οι-ιυ]</span> <span class='ocrx_word' id='word_1_2' title='bbox 431 91 617 142; x_wconf 70' lang='lat' dir='ltr'>nomm.</span> <span class='ocrx_word' id='word_1_3' title='bbox 868 93 916 138; x_wconf 81' lang='lat'>155</span> 
     </span>
     <span class='ocr_line' id='line_1_2' title="bbox 120 168 918 252; baseline -0.004 -20"><span class='ocrx_word' id='word_1_4' title='bbox 120 168 179 232; x_wconf 76' lang='grc' dir='ltr'>οὔτι</span> <span class='ocrx_word' id='word_1_5' title='bbox 198 171 372 252; x_wconf 69' lang='grc' dir='ltr'>ἀνεχομένων</span> <span class='ocrx_word' id='word_1_6' title='bbox 391 171 442 237; x_wconf 78' lang='grc' dir='ltr'>τάς</span> <span class='ocrx_word' id='word_1_7' title='bbox 462 169 605 247; x_wconf 83' lang='grc' dir='ltr'>καμήλους</span> <span class='ocrx_word' id='word_1_8' title='bbox 624 169 739 247; x_wconf 78' lang='grc' dir='ltr'>ὕστεροι</span> <span class='ocrx_word' id='word_1_9' title='bbox 759 168 918 248; x_wconf 89' lang='grc' dir='ltr'>ἐτετάχατο,</span> 
     </span>
     <span class='ocr_line' id='line_1_3' title="bbox 120 255 967 337; baseline -0.001 -21"><span class='ocrx_word' id='word_1_10' title='bbox 120 257 164 317; x_wconf 78' lang='grc' dir='ltr'>ἵνα</span> <span class='ocrx_word' id='word_1_11' title='bbox 184 257 224 336; x_wconf 77' lang='grc' dir='ltr'><em>μή</em></span> <span class='ocrx_word' id='word_1_12' title='bbox 247 261 385 335; x_wconf 81' lang='grc' dir='ltr'>φοβέοιτο</span> <span class='ocrx_word' id='word_1_13' title='bbox 405 257 439 317; x_wconf 82' lang='grc' dir='ltr'>τό</span> <span class='ocrx_word' id='word_1_14' title='bbox 461 256 583 316; x_wconf 79' lang='grc' dir='ltr'>ἱππικόν.</span> <span class='ocrx_word' id='word_1_15' title='bbox 618 255 772 337; x_wconf 82' lang='grc' dir='ltr'>Ἵππαρχοι</span> <span class='ocrx_word' id='word_1_16' title='bbox 794 257 824 316; x_wconf 85' lang='grc' dir='ltr'>δὲ</span> <span class='ocrx_word' id='word_1_17' title='bbox 842 256 916 332; x_wconf 83' lang='grc' dir='ltr'>ἦσαν</span> <span class='ocrx_word' id='word_1_18' title='bbox 927 259 967 317; x_wconf 89' lang='grc'>88</span> 
     </span>
     <span class='ocr_line' id='line_1_4' title="bbox 118 343 917 424; baseline 0.001 -21"><span class='ocrx_word' id='word_1_19' title='bbox 118 343 309 424; x_wconf 85' lang='grc' dir='ltr'>Ἀρμαμίθρης</span> <span class='ocrx_word' id='word_1_20' title='bbox 330 371 361 405; x_wconf 87' lang='grc' dir='ltr'>τε</span> <span class='ocrx_word' id='word_1_21' title='bbox 382 345 429 403; x_wconf 82' lang='grc' dir='ltr'>καὶ</span> <span class='ocrx_word' id='word_1_22' title='bbox 450 345 570 413; x_wconf 82' lang='grc' dir='ltr'>Τίθαιος,</span> <span class='ocrx_word' id='word_1_23' title='bbox 593 343 697 407; x_wconf 87' lang='grc' dir='ltr'>Δάτιος</span> <span class='ocrx_word' id='word_1_24' title='bbox 717 345 821 407; x_wconf 86' lang='grc' dir='ltr'>παῖδες·</span> <span class='ocrx_word' id='word_1_25' title='bbox 849 344 864 404; x_wconf 83' lang='grc' dir='ltr'>ὁ</span> <span class='ocrx_word' id='word_1_26' title='bbox 886 345 917 404; x_wconf 86' lang='grc' dir='ltr'>δὲ</span> 
     </span>
     <span class='ocr_line' id='line_1_5' title="bbox 117 430 918 511; baseline 0.002 -20"><span class='ocrx_word' id='word_1_27' title='bbox 117 436 209 509; x_wconf 91' lang='grc' dir='ltr'>τρίτος</span> <span class='ocrx_word' id='word_1_28' title='bbox 223 442 279 509; x_wconf 89' lang='grc' dir='ltr'>σφι</span> <span class='ocrx_word' id='word_1_29' title='bbox 293 433 486 511; x_wconf 90' lang='grc' dir='ltr'>συνίππαρχος</span> <span class='ocrx_word' id='word_1_30' title='bbox 496 430 659 510; x_wconf 73' lang='grc' dir='ltr'>Φαρνούχης</span> <span class='ocrx_word' id='word_1_31' title='bbox 673 433 875 491; x_wconf 87' lang='grc' dir='ltr'>καταλέλειπτο</span> <span class='ocrx_word' id='word_1_32' title='bbox 889 437 918 494; x_wconf 90' lang='grc' dir='ltr'>ἐν</span> 
     </span>
     <span class='ocr_line' id='line_1_6' title="bbox 118 518 961 600; baseline -0.001 -20"><span class='ocrx_word' id='word_1_33' title='bbox 118 521 236 599; x_wconf 77' lang='grc' dir='ltr'>Σάρδισι</span> <span class='ocrx_word' id='word_1_34' title='bbox 257 522 370 581; x_wconf 78' lang='grc' dir='ltr'>νοσέων·</span> <span class='ocrx_word' id='word_1_35' title='bbox 392 519 428 583; x_wconf 77' lang='grc' dir='ltr'>ὥς</span> <span class='ocrx_word' id='word_1_36' title='bbox 447 519 502 600; x_wconf 81' lang='grc' dir='ltr'>γάρ</span> <span class='ocrx_word' id='word_1_37' title='bbox 523 518 664 596; x_wconf 78' lang='grc' dir='ltr'>ὁρμέοντο</span> <span class='ocrx_word' id='word_1_38' title='bbox 681 524 712 577; x_wconf 87' lang='grc' dir='ltr'>ἐκ</span> <span class='ocrx_word' id='word_1_39' title='bbox 726 519 857 596; x_wconf 80' lang='grc' dir='ltr'>Σαρδίων,</span> <span class='ocrx_word' id='word_1_40' title='bbox 872 520 918 580; x_wconf 79' lang='grc' dir='ltr'>ἐπὶ</span> <span class='ocrx_word' id='word_1_41' title='bbox 959 591 961 595; x_wconf 25' lang='lat'><strong><em>⁴</em></strong></span> 
     </span>
     <span class='ocr_line' id='line_1_7' title="bbox 117 605 917 686; baseline -0.001 -19"><span class='ocrx_word' id='word_1_42' title='bbox 117 608 270 685; x_wconf 74' lang='grc' dir='ltr'>συμφορὴν</span> <span class='ocrx_word' id='word_1_43' title='bbox 294 609 407 669; x_wconf 84' lang='grc' dir='ltr'>ἐνέπεσε</span> <span class='ocrx_word' id='word_1_44' title='bbox 430 606 608 683; x_wconf 72' lang='grc' dir='ltr'>ἀνεθέλητον·</span> <span class='ocrx_word' id='word_1_45' title='bbox 637 605 779 666; x_wconf 76' lang='grc' dir='ltr'>ἐλαύνοντι</span> <span class='ocrx_word' id='word_1_46' title='bbox 802 606 857 686; x_wconf 90' lang='grc' dir='ltr'>γάρ</span> <span class='ocrx_word' id='word_1_47' title='bbox 882 612 917 677; x_wconf 84' lang='grc' dir='ltr'>οἱ,</span> 
     </span>
     <span class='ocr_line' id='line_1_8' title="bbox 116 692 916 771; baseline 0.001 -17"><span class='ocrx_word' id='word_1_48' title='bbox 116 694 171 755; x_wconf 75' lang='grc' dir='ltr'>ὕπό</span> <span class='ocrx_word' id='word_1_49' title='bbox 191 696 256 758; x_wconf 74' lang='grc' dir='ltr'>τούς</span> <span class='ocrx_word' id='word_1_50' title='bbox 277 696 365 758; x_wconf 82' lang='grc' dir='ltr'>πόδας</span> <span class='ocrx_word' id='word_1_51' title='bbox 385 698 435 754; x_wconf 77' lang='grc' dir='ltr'>τοί</span> <span class='ocrx_word' id='word_1_52' title='bbox 458 695 544 753; x_wconf 85' lang='grc' dir='ltr'>ἵππου</span> <span class='ocrx_word' id='word_1_53' title='bbox 563 692 705 771; x_wconf 71' lang='grc' dir='ltr'>ὑπέδραμε</span> <span class='ocrx_word' id='word_1_54' title='bbox 724 692 804 752; x_wconf 81' lang='grc' dir='ltr'>κύων·</span> <span class='ocrx_word' id='word_1_55' title='bbox 832 695 877 752; x_wconf 84' lang='grc' dir='ltr'>καὶ</span> <span class='ocrx_word' id='word_1_56' title='bbox 899 695 916 755; x_wconf 81' lang='grc' dir='ltr'>ὁ</span> 
     </span>
     <span class='ocr_line' id='line_1_9' title="bbox 119 779 916 858; baseline 0.003 -20"><span class='ocrx_word' id='word_1_57' title='bbox 119 782 202 845; x_wconf 83' lang='grc' dir='ltr'>ἵππος</span> <span class='ocrx_word' id='word_1_58' title='bbox 221 782 253 841; x_wconf 74' lang='grc' dir='ltr'>οὔ</span> <span class='ocrx_word' id='word_1_59' title='bbox 271 781 400 858; x_wconf 75' lang='grc' dir='ltr'>προϊδιδν,</span> <span class='ocrx_word' id='word_1_60' title='bbox 415 781 547 858; x_wconf 75' lang='grc' dir='ltr'>ἐφοβήθη</span> <span class='ocrx_word' id='word_1_61' title='bbox 567 807 599 841; x_wconf 88' lang='grc' dir='ltr'>τε</span> <span class='ocrx_word' id='word_1_62' title='bbox 619 782 666 840; x_wconf 81' lang='grc' dir='ltr'>καὶ</span> <span class='ocrx_word' id='word_1_63' title='bbox 687 780 757 844; x_wconf 81' lang='grc' dir='ltr'>στάς</span> <span class='ocrx_word' id='word_1_64' title='bbox 770 779 853 858; x_wconf 78' lang='grc' dir='ltr'>ὄρθός</span> <span class='ocrx_word' id='word_1_65' title='bbox 866 780 916 840; x_wconf 83' lang='grc' dir='ltr'>άπ-</span> 
     </span>
     <span class='ocr_line' id='line_1_10' title="bbox 119 867 916 949; baseline 0.005 -24"><span class='ocrx_word' id='word_1_66' title='bbox 119 870 249 928; x_wconf 89' lang='grc' dir='ltr'>εσείσατο</span> <span class='ocrx_word' id='word_1_67' title='bbox 261 869 316 935; x_wconf 60' lang='grc' dir='ltr'>,τόν</span> <span class='ocrx_word' id='word_1_68' title='bbox 334 869 506 949; x_wconf 79' lang='grc' dir='ltr'>Φαρνούχεα·</span> <span class='ocrx_word' id='word_1_69' title='bbox 526 869 622 930; x_wconf 80' lang='grc' dir='ltr'>πεσῶν</span> <span class='ocrx_word' id='word_1_70' title='bbox 644 869 681 940; x_wconf 77' lang='grc' dir='ltr'>δὲ,</span> <span class='ocrx_word' id='word_1_71' title='bbox 699 867 769 945; x_wconf 78' lang='grc' dir='ltr'>αἷμά</span> <span class='ocrx_word' id='word_1_72' title='bbox 788 895 820 928; x_wconf 88' lang='grc' dir='ltr'>τε</span> <span class='ocrx_word' id='word_1_73' title='bbox 840 867 916 946; x_wconf 82' lang='grc' dir='ltr'>ἤμεε,</span> 
     </span>
     <span class='ocr_line' id='line_1_11' title="bbox 118 956 916 1035; baseline 0.009 -23"><span class='ocrx_word' id='word_1_74' title='bbox 118 956 163 1014; x_wconf 84' lang='grc' dir='ltr'>καὶ</span> <span class='ocrx_word' id='word_1_75' title='bbox 184 961 211 1019; x_wconf 86' lang='grc' dir='ltr'>ἐς</span> <span class='ocrx_word' id='word_1_76' title='bbox 231 957 332 1032; x_wconf 85' lang='grc' dir='ltr'>φθίσιν</span> <span class='ocrx_word' id='word_1_77' title='bbox 352 959 487 1035; x_wconf 79' lang='grc' dir='ltr'>περιῆλθε</span> <span class='ocrx_word' id='word_1_78' title='bbox 500 958 520 1034; x_wconf 83' lang='grc' dir='ltr'><em>ἦ</em></span> <span class='ocrx_word' id='word_1_79' title='bbox 532 961 643 1021; x_wconf 83' lang='grc' dir='ltr'>νοῦσος·</span> <span class='ocrx_word' id='word_1_80' title='bbox 663 959 713 1018; x_wconf 88' lang='grc' dir='ltr'>τόν</span> <span class='ocrx_word' id='word_1_81' title='bbox 727 957 756 1016; x_wconf 85' lang='grc' dir='ltr'>δὲ</span> <span class='ocrx_word' id='word_1_82' title='bbox 771 957 857 1018; x_wconf 87' lang='grc' dir='ltr'>ίππον</span> <span class='ocrx_word' id='word_1_83' title='bbox 869 958 916 1019; x_wconf 79' lang='grc' dir='ltr'>αὖ·</span> 
     </span>
     <span class='ocr_line' id='line_1_12' title="bbox 115 1043 916 1125; baseline 0.006 -24"><span class='ocrx_word' id='word_1_84' title='bbox 115 1043 179 1102; x_wconf 86' lang='grc' dir='ltr'>τίκα</span> <span class='ocrx_word' id='word_1_85' title='bbox 199 1043 258 1104; x_wconf 83' lang='grc' dir='ltr'>κατ’</span> <span class='ocrx_word' id='word_1_86' title='bbox 270 1044 360 1125; x_wconf 80' lang='grc' dir='ltr'>α’ρχάς</span> <span class='ocrx_word' id='word_1_87' title='bbox 377 1046 512 1122; x_wconf 89' lang='grc' dir='ltr'>ε’ποίησαν</span> <span class='ocrx_word' id='word_1_88' title='bbox 530 1049 556 1106; x_wconf 81' lang='grc' dir='ltr'>οἱ</span> <span class='ocrx_word' id='word_1_89' title='bbox 575 1045 678 1106; x_wconf 82' lang='grc' dir='ltr'>οἰκέται</span> <span class='ocrx_word' id='word_1_90' title='bbox 696 1045 732 1109; x_wconf 75' lang='grc' dir='ltr'>οἷς</span> <span class='ocrx_word' id='word_1_91' title='bbox 748 1045 866 1119; x_wconf 77' lang='grc' dir='ltr'>ἐκέλευε·</span> <span class='ocrx_word' id='word_1_92' title='bbox 888 1052 916 1112; x_wconf 86' lang='grc' dir='ltr'>ἐς</span> 
     </span>
     <span class='ocr_line' id='line_1_13' title="bbox 115 1131 914 1216; baseline 0.006 -26"><span class='ocrx_word' id='word_1_93' title='bbox 115 1131 164 1192; x_wconf 80' lang='grc' dir='ltr'>τόν</span> <span class='ocrx_word' id='word_1_94' title='bbox 182 1137 274 1213; x_wconf 78' lang='grc' dir='ltr'>χῶρον</span> <span class='ocrx_word' id='word_1_95' title='bbox 287 1139 316 1195; x_wconf 84' lang='grc' dir='ltr'>ἐν</span> <span class='ocrx_word' id='word_1_96' title='bbox 328 1139 418 1215; x_wconf 78' lang='grc' dir='ltr'>τῷπερ</span> <span class='ocrx_word' id='word_1_97' title='bbox 436 1135 579 1211; x_wconf 78' lang='grc' dir='ltr'>κατέβαλε</span> <span class='ocrx_word' id='word_1_98' title='bbox 591 1133 640 1195; x_wconf 80' lang='grc' dir='ltr'>τόν</span> <span class='ocrx_word' id='word_1_99' title='bbox 654 1134 793 1195; x_wconf 81' lang='grc' dir='ltr'>δεσπότεα</span> <span class='ocrx_word' id='word_1_100' title='bbox 806 1132 914 1216; x_wconf 85' lang='grc' dir='ltr'>άπαγα-</span> 
     </span>
     <span class='ocr_line' id='line_1_14' title="bbox 107 1219 913 1304; baseline 0.002 -26"><span class='ocrx_word' id='word_1_101' title='bbox 107 1219 217 1299; x_wconf 85' lang='grc' dir='ltr'>γόντες,</span> <span class='ocrx_word' id='word_1_102' title='bbox 233 1227 261 1281; x_wconf 82' lang='grc' dir='ltr'>ἐν</span> <span class='ocrx_word' id='word_1_103' title='bbox 272 1227 349 1283; x_wconf 80' lang='grc' dir='ltr'>τοῖσι</span> <span class='ocrx_word' id='word_1_104' title='bbox 361 1222 480 1304; x_wconf 79' lang='grc' dir='ltr'>γούνασι</span> <span class='ocrx_word' id='word_1_105' title='bbox 493 1222 636 1299; x_wconf 84' lang='grc' dir='ltr'>άπέταμον</span> <span class='ocrx_word' id='word_1_106' title='bbox 648 1223 684 1282; x_wconf 81' lang='grc' dir='ltr'>τά</span> <span class='ocrx_word' id='word_1_107' title='bbox 697 1224 811 1282; x_wconf 89' lang='grc' dir='ltr'>σκέλεα.</span> <span class='ocrx_word' id='word_1_108' title='bbox 841 1231 913 1300; x_wconf 86' lang='grc' dir='ltr'>Φαρ-</span> 
     </span>
     <span class='ocr_line' id='line_1_15' title="bbox 114 1307 755 1390; baseline 0.003 -25"><span class='ocrx_word' id='word_1_109' title='bbox 114 1307 215 1387; x_wconf 81' lang='grc' dir='ltr'>νούχης</span> <span class='ocrx_word' id='word_1_110' title='bbox 227 1312 279 1386; x_wconf 75' lang='grc' dir='ltr'>μὲν</span> <span class='ocrx_word' id='word_1_111' title='bbox 292 1309 362 1369; x_wconf 83' lang='grc' dir='ltr'>οὕτω</span> <span class='ocrx_word' id='word_1_112' title='bbox 375 1309 520 1386; x_wconf 79' lang='grc' dir='ltr'>παρελύθη</span> <span class='ocrx_word' id='word_1_113' title='bbox 533 1314 584 1385; x_wconf 80' lang='grc' dir='ltr'>τῆς</span> <span class='ocrx_word' id='word_1_114' title='bbox 597 1308 755 1390; x_wconf 76' lang='grc' dir='ltr'>ἡγεμονίης.</span> 
     </span>
    </p>

    <p class='ocr_par' dir='ltr' id='par_1_2' title="bbox 27 1394 1012 3310">
     <span class='ocr_line' id='line_1_16' title="bbox 152 1394 960 1475; baseline 0.001 -21"><span class='ocrx_word' id='word_1_115' title='bbox 152 1401 214 1456; x_wconf 78' lang='grc' dir='ltr'>Τῶν</span> <span class='ocrx_word' id='word_1_116' title='bbox 235 1397 264 1455; x_wconf 83' lang='grc' dir='ltr'>δὲ</span> <span class='ocrx_word' id='word_1_117' title='bbox 284 1396 416 1473; x_wconf 86' lang='grc' dir='ltr'>τριήρεων</span> <span class='ocrx_word' id='word_1_118' title='bbox 436 1396 553 1474; x_wconf 81' lang='grc' dir='ltr'>άριθμός</span> <span class='ocrx_word' id='word_1_119' title='bbox 574 1398 626 1472; x_wconf 75' lang='grc' dir='ltr'>μὲν</span> <span class='ocrx_word' id='word_1_120' title='bbox 648 1397 756 1475; x_wconf 78' lang='grc' dir='ltr'>ἐγένετο</span> <span class='ocrx_word' id='word_1_121' title='bbox 775 1394 845 1453; x_wconf 79' lang='grc' dir='ltr'>ἑπτά</span> <span class='ocrx_word' id='word_1_122' title='bbox 866 1396 911 1454; x_wconf 85' lang='grc' dir='ltr'>καὶ</span> <span class='ocrx_word' id='word_1_123' title='bbox 922 1398 960 1455; x_wconf 89' lang='grc'>89</span> 
     </span>
     <span class='ocr_line' id='line_1_17' title="bbox 115 1480 996 1561; baseline 0.007 -23"><span class='ocrx_word' id='word_1_124' title='bbox 115 1480 254 1556; x_wconf 88' lang='grc' dir='ltr'>διηκόσιαι</span> <span class='ocrx_word' id='word_1_125' title='bbox 268 1485 314 1542; x_wconf 82' lang='grc' dir='ltr'>καὶ</span> <span class='ocrx_word' id='word_1_126' title='bbox 326 1485 426 1561; x_wconf 89' lang='grc' dir='ltr'>χίλιαι·</span> <span class='ocrx_word' id='word_1_127' title='bbox 440 1482 608 1559; x_wconf 87' lang='grc' dir='ltr'>παρείχοντο</span> <span class='ocrx_word' id='word_1_128' title='bbox 622 1482 650 1539; x_wconf 84' lang='grc' dir='ltr'>δέ</span> <span class='ocrx_word' id='word_1_129' title='bbox 665 1481 749 1542; x_wconf 81' lang='grc' dir='ltr'>αι’·τάς</span> <span class='ocrx_word' id='word_1_130' title='bbox 762 1481 828 1538; x_wconf 82' lang='grc' dir='ltr'>οἶδε·</span> <span class='ocrx_word' id='word_1_131' title='bbox 850 1484 913 1541; x_wconf 87' lang='grc' dir='ltr'>Φοί·</span> <span class='ocrx_word' id='word_1_132' title='bbox 925 1502 996 1549; x_wconf 54' lang='lat' dir='ltr'>Thu</span> 
     </span>
     <span class='ocr_line' id='line_1_18' title="bbox 115 1569 912 1645; baseline 0.003 -20"><span class='ocrx_word' id='word_1_133' title='bbox 115 1593 186 1631; x_wconf 78' lang='grc' dir='ltr'>νικες</span> <span class='ocrx_word' id='word_1_134' title='bbox 198 1571 250 1644; x_wconf 78' lang='grc' dir='ltr'>μὲν</span> <span class='ocrx_word' id='word_1_135' title='bbox 263 1569 315 1629; x_wconf 75' lang='grc' dir='ltr'>οὖν</span> <span class='ocrx_word' id='word_1_136' title='bbox 330 1569 457 1644; x_wconf 78' lang='grc' dir='ltr'>Συρίοισι</span> <span class='ocrx_word' id='word_1_137' title='bbox 469 1572 546 1627; x_wconf 87' lang='grc' dir='ltr'>τοῖσι</span> <span class='ocrx_word' id='word_1_138' title='bbox 557 1572 586 1627; x_wconf 87' lang='grc' dir='ltr'>ἐν</span> <span class='ocrx_word' id='word_1_139' title='bbox 599 1571 635 1645; x_wconf 77' lang='grc' dir='ltr'>τῇ</span> <span class='ocrx_word' id='word_1_140' title='bbox 645 1569 824 1644; x_wconf 88' lang='grc' dir='ltr'>Παλαιστίνη</span> <span class='ocrx_word' id='word_1_141' title='bbox 838 1595 912 1645; x_wconf 87' lang='grc' dir='ltr'>τριη-</span> 
     </span>
     <span class='ocr_line' id='line_1_19' title="bbox 116 1653 911 1734; baseline 0.005 -22"><span class='ocrx_word' id='word_1_142' title='bbox 116 1656 219 1724; x_wconf 89' lang='grc' dir='ltr'>κοσίας,</span> <span class='ocrx_word' id='word_1_143' title='bbox 234 1653 285 1714; x_wconf 80' lang='grc' dir='ltr'>ὧδε</span> <span class='ocrx_word' id='word_1_144' title='bbox 304 1655 514 1729; x_wconf 74' lang='grc' dir='ltr'>ἐσκευασμένοι·</span> <span class='ocrx_word' id='word_1_145' title='bbox 536 1654 600 1729; x_wconf 80' lang='grc' dir='ltr'>περὶ</span> <span class='ocrx_word' id='word_1_146' title='bbox 612 1657 664 1729; x_wconf 80' lang='grc' dir='ltr'>μὲν</span> <span class='ocrx_word' id='word_1_147' title='bbox 679 1658 747 1732; x_wconf 77' lang='grc' dir='ltr'>τῇσι</span> <span class='ocrx_word' id='word_1_148' title='bbox 768 1659 911 1734; x_wconf 80' lang='grc' dir='ltr'>κεφαλῇσι</span> 
     </span>
     <span class='ocr_line' id='line_1_20' title="bbox 115 1740 911 1822; baseline 0.003 -22"><span class='ocrx_word' id='word_1_149' title='bbox 115 1744 210 1804; x_wconf 83' lang='grc' dir='ltr'>κυνέας</span> <span class='ocrx_word' id='word_1_150' title='bbox 223 1741 300 1820; x_wconf 82' lang='grc' dir='ltr'>εἶχον</span> <span class='ocrx_word' id='word_1_151' title='bbox 313 1741 459 1822; x_wconf 79' lang='grc' dir='ltr'>ἀγχοτάτω</span> <span class='ocrx_word' id='word_1_152' title='bbox 470 1740 658 1816; x_wconf 89' lang='grc' dir='ltr'>πεποιημένας</span> <span class='ocrx_word' id='word_1_153' title='bbox 667 1741 772 1818; x_wconf 87' lang='grc' dir='ltr'>τρόπον</span> <span class='ocrx_word' id='word_1_154' title='bbox 785 1742 834 1802; x_wconf 82' lang='grc' dir='ltr'>τόν</span> <span class='ocrx_word' id='word_1_155' title='bbox 846 1742 911 1802; x_wconf 84' lang='grc' dir='ltr'>Ἑλ·</span> 
     </span>
     <span class='ocr_line' id='line_1_21' title="bbox 113 1827 912 1906; baseline 0.005 -20"><span class='ocrx_word' id='word_1_156' title='bbox 113 1829 236 1905; x_wconf 90' lang='grc' dir='ltr'>ληνικόν·</span> <span class='ocrx_word' id='word_1_157' title='bbox 261 1827 430 1890; x_wconf 80' lang='grc' dir='ltr'>ἐνδεδυκότες</span> <span class='ocrx_word' id='word_1_158' title='bbox 450 1828 483 1889; x_wconf 79' lang='grc' dir='ltr'>δὲ</span> <span class='ocrx_word' id='word_1_159' title='bbox 507 1827 631 1906; x_wconf 81' lang='grc' dir='ltr'>θώρηκας</span> <span class='ocrx_word' id='word_1_160' title='bbox 652 1831 767 1898; x_wconf 87' lang='grc' dir='ltr'>λινέους,</span> <span class='ocrx_word' id='word_1_161' title='bbox 791 1829 912 1895; x_wconf 82' lang='grc' dir='ltr'>α’σπιδας</span> 
     </span>
     <span class='ocr_line' id='line_1_22' title="bbox 113 1915 910 1997; baseline 0.008 -23"><span class='ocrx_word' id='word_1_162' title='bbox 113 1916 143 1975; x_wconf 84' lang='grc' dir='ltr'>δὲ</span> <span class='ocrx_word' id='word_1_163' title='bbox 164 1917 221 1980; x_wconf 85' lang='grc' dir='ltr'>ἴτυς</span> <span class='ocrx_word' id='word_1_164' title='bbox 242 1916 292 1976; x_wconf 74' lang='grc' dir='ltr'>οὔκ</span> <span class='ocrx_word' id='word_1_165' title='bbox 313 1916 434 1997; x_wconf 78' lang='grc' dir='ltr'>ἐχοίσας</span> <span class='ocrx_word' id='word_1_166' title='bbox 456 1915 541 1996; x_wconf 82' lang='grc' dir='ltr'>εἶχον,</span> <span class='ocrx_word' id='word_1_167' title='bbox 562 1917 609 1975; x_wconf 85' lang='grc' dir='ltr'>καὶ</span> <span class='ocrx_word' id='word_1_168' title='bbox 630 1915 754 1978; x_wconf 86' lang='grc' dir='ltr'>άκόντια·</span> <span class='ocrx_word' id='word_1_169' title='bbox 783 1915 860 1978; x_wconf 82' lang='grc' dir='ltr'>οὗτοι</span> <span class='ocrx_word' id='word_1_170' title='bbox 880 1919 910 1980; x_wconf 83' lang='grc' dir='ltr'>δέ</span> 
     </span>
     <span class='ocr_line' id='line_1_23' title="bbox 113 2003 909 2087; baseline 0.005 -24"><span class='ocrx_word' id='word_1_171' title='bbox 113 2007 139 2063; x_wconf 85' lang='grc' dir='ltr'>οἱ</span> <span class='ocrx_word' id='word_1_172' title='bbox 160 2007 283 2068; x_wconf 88' lang='grc' dir='ltr'>Φοίνικες</span> <span class='ocrx_word' id='word_1_173' title='bbox 304 2005 338 2066; x_wconf 82' lang='grc' dir='ltr'>τό</span> <span class='ocrx_word' id='word_1_174' title='bbox 361 2004 484 2065; x_wconf 83' lang='grc' dir='ltr'>παλαιόν</span> <span class='ocrx_word' id='word_1_175' title='bbox 506 2004 604 2075; x_wconf 79' lang='grc' dir='ltr'>οἴκεον,</span> <span class='ocrx_word' id='word_1_176' title='bbox 625 2003 661 2070; x_wconf 73' lang='grc' dir='ltr'>ὥς</span> <span class='ocrx_word' id='word_1_177' title='bbox 684 2005 763 2065; x_wconf 75' lang='grc' dir='ltr'>αὐτοὶ</span> <span class='ocrx_word' id='word_1_178' title='bbox 783 2008 909 2087; x_wconf 82' lang='grc' dir='ltr'>λέγουσι,</span> 
     </span>
     <span class='ocr_line' id='line_1_24' title="bbox 112 2092 909 2173; baseline 0.008 -22"><span class='ocrx_word' id='word_1_179' title='bbox 112 2092 157 2152; x_wconf 83' lang='grc' dir='ltr'>ἐπὶ</span> <span class='ocrx_word' id='word_1_180' title='bbox 175 2097 211 2173; x_wconf 78' lang='grc' dir='ltr'>τῇ</span> <span class='ocrx_word' id='word_1_181' title='bbox 228 2092 349 2173; x_wconf 75' lang='grc' dir='ltr'>Ἐρυθρῇ</span> <span class='ocrx_word' id='word_1_182' title='bbox 369 2092 514 2171; x_wconf 85' lang='grc' dir='ltr'>θαλάσση·</span> <span class='ocrx_word' id='word_1_183' title='bbox 536 2093 660 2154; x_wconf 84' lang='grc' dir='ltr'>ἐνθεῦτεν</span> <span class='ocrx_word' id='word_1_184' title='bbox 681 2093 710 2152; x_wconf 81' lang='grc' dir='ltr'>δὲ</span> <span class='ocrx_word' id='word_1_185' title='bbox 730 2093 909 2169; x_wconf 78' lang='grc' dir='ltr'>ὖπερβάντες,</span> 
     </span>
     <span class='ocr_line' id='line_1_25' title="bbox 110 2180 909 2262; baseline -0.004 -16"><span class='ocrx_word' id='word_1_186' title='bbox 110 2185 160 2257; x_wconf 79' lang='grc' dir='ltr'>τῆς</span> <span class='ocrx_word' id='word_1_187' title='bbox 172 2182 273 2259; x_wconf 73' lang='grc' dir='ltr'>Συρίης</span> <span class='ocrx_word' id='word_1_188' title='bbox 286 2183 408 2242; x_wconf 84' lang='grc' dir='ltr'>οἰκέουσι</span> <span class='ocrx_word' id='word_1_189' title='bbox 426 2181 461 2240; x_wconf 77' lang='grc' dir='ltr'>τά</span> <span class='ocrx_word' id='word_1_190' title='bbox 475 2180 552 2258; x_wconf 70' lang='grc' dir='ltr'>παρά</span> <span class='ocrx_word' id='word_1_191' title='bbox 566 2181 729 2262; x_wconf 84' lang='grc' dir='ltr'>θάλασσαν·</span> <span class='ocrx_word' id='word_1_192' title='bbox 750 2185 800 2257; x_wconf 79' lang='grc' dir='ltr'>τῆς</span> <span class='ocrx_word' id='word_1_193' title='bbox 813 2182 843 2241; x_wconf 81' lang='grc' dir='ltr'>δὲ</span> <span class='ocrx_word' id='word_1_194' title='bbox 858 2185 909 2246; x_wconf 77' lang='grc' dir='ltr'>Συ·</span> 
     </span>
     <span class='ocr_line' id='line_1_26' title="bbox 110 2267 906 2351; baseline 0.004 -23"><span class='ocrx_word' id='word_1_195' title='bbox 110 2271 171 2346; x_wconf 89' lang='grc' dir='ltr'>ρίης</span> <span class='ocrx_word' id='word_1_196' title='bbox 187 2273 271 2330; x_wconf 80' lang='grc' dir='ltr'>τοῦτο</span> <span class='ocrx_word' id='word_1_197' title='bbox 288 2269 321 2330; x_wconf 84' lang='grc' dir='ltr'>τδ</span> <span class='ocrx_word' id='word_1_198' title='bbox 339 2270 449 2350; x_wconf 89' lang='grc' dir='ltr'>χωρίον,</span> <span class='ocrx_word' id='word_1_199' title='bbox 464 2269 510 2328; x_wconf 85' lang='grc' dir='ltr'>καὶ</span> <span class='ocrx_word' id='word_1_200' title='bbox 529 2267 562 2328; x_wconf 81' lang='grc' dir='ltr'>τό</span> <span class='ocrx_word' id='word_1_201' title='bbox 582 2270 667 2348; x_wconf 87' lang='grc' dir='ltr'>μέχρι</span> <span class='ocrx_word' id='word_1_202' title='bbox 680 2268 823 2351; x_wconf 71' lang='grc' dir='ltr'>Αἰγύπτου</span> <span class='ocrx_word' id='word_1_203' title='bbox 842 2275 906 2345; x_wconf 78' lang='grc' dir='ltr'>πᾶν,</span> 
     </span>
     <span class='ocr_line' id='line_1_27' title="bbox 111 2356 1012 2440; baseline 0.003 -25"><span class='ocrx_word' id='word_1_204' title='bbox 111 2359 290 2435; x_wconf 88' lang='grc' dir='ltr'>Παλαιστίνη</span> <span class='ocrx_word' id='word_1_205' title='bbox 317 2358 455 2418; x_wconf 89' lang='grc' dir='ltr'>καλέεται.</span> <span class='ocrx_word' id='word_1_206' title='bbox 496 2356 645 2438; x_wconf 80' lang='grc' dir='ltr'>Αἰγύπτιοι</span> <span class='ocrx_word' id='word_1_207' title='bbox 671 2359 700 2417; x_wconf 85' lang='grc' dir='ltr'>δέ</span> <span class='ocrx_word' id='word_1_208' title='bbox 726 2359 788 2421; x_wconf 90' lang='grc' dir='ltr'>νέας</span> <span class='ocrx_word' id='word_1_209' title='bbox 814 2360 1012 2440; x_wconf 61' lang='lat' dir='ltr'>wel-Aegyp</span> 
     </span>
     <span class='ocr_line' id='line_1_28' title="bbox 109 2443 1012 2527; baseline 0 -21"><span class='ocrx_word' id='word_1_210' title='bbox 109 2471 194 2527; x_wconf 75' lang='grc' dir='ltr'>χηντο</span> <span class='ocrx_word' id='word_1_211' title='bbox 207 2447 359 2522; x_wconf 85' lang='grc' dir='ltr'>διηκοσίας·</span> <span class='ocrx_word' id='word_1_212' title='bbox 379 2443 455 2506; x_wconf 82' lang='grc' dir='ltr'>οὗτοι</span> <span class='ocrx_word' id='word_1_213' title='bbox 469 2445 499 2505; x_wconf 77' lang='grc' dir='ltr'>δέ</span> <span class='ocrx_word' id='word_1_214' title='bbox 512 2445 589 2525; x_wconf 81' lang='grc' dir='ltr'>εἶχον</span> <span class='ocrx_word' id='word_1_215' title='bbox 602 2447 665 2523; x_wconf 86' lang='grc' dir='ltr'>περὶ</span> <span class='ocrx_word' id='word_1_216' title='bbox 676 2450 729 2524; x_wconf 82' lang='grc' dir='ltr'>μὲν</span> <span class='ocrx_word' id='word_1_217' title='bbox 740 2451 809 2525; x_wconf 76' lang='grc' dir='ltr'>τῇσι</span> <span class='ocrx_word' id='word_1_218' title='bbox 823 2455 908 2524; x_wconf 86' lang='grc' dir='ltr'>κεφα-</span> <span class='ocrx_word' id='word_1_219' title='bbox 1011 2472 1012 2475; x_wconf 67' lang='grc'>’</span> 
     </span>
     <span class='ocr_line' id='line_1_29' title="bbox 108 2531 998 2612; baseline 0.004 -22"><span class='ocrx_word' id='word_1_220' title='bbox 108 2535 180 2610; x_wconf 81' lang='grc' dir='ltr'>λῇσι</span> <span class='ocrx_word' id='word_1_221' title='bbox 202 2531 302 2609; x_wconf 90' lang='grc' dir='ltr'>κράνεα</span> <span class='ocrx_word' id='word_1_222' title='bbox 319 2532 451 2612; x_wconf 81' lang='grc' dir='ltr'>χηλευτά,</span> <span class='ocrx_word' id='word_1_223' title='bbox 472 2533 594 2598; x_wconf 87' lang='grc' dir='ltr'>α’σπίδας</span> <span class='ocrx_word' id='word_1_224' title='bbox 632 2536 645 2592; x_wconf 88' lang='grc' dir='ltr'>ἐ</span> <span class='ocrx_word' id='word_1_225' title='bbox 665 2535 762 2598; x_wconf 90' lang='grc' dir='ltr'>κοίλας</span> <span class='ocrx_word' id='word_1_226' title='bbox 779 2534 829 2599; x_wconf 77' lang='grc' dir='ltr'>τὰς</span> <span class='ocrx_word' id='word_1_227' title='bbox 850 2535 908 2599; x_wconf 82' lang='grc' dir='ltr'>ἴτυς</span> <span class='ocrx_word' id='word_1_228' title='bbox 991 2567 998 2586; x_wconf 68' lang='grc' dir='ltr'>ι</span> 
     </span>
     <span class='ocr_line' id='line_1_30' title="bbox 108 2619 905 2702; baseline 0.006 -24"><span class='ocrx_word' id='word_1_229' title='bbox 108 2619 235 2700; x_wconf 85' lang='grc' dir='ltr'>μεγάλας</span> <span class='ocrx_word' id='word_1_230' title='bbox 253 2620 381 2698; x_wconf 78' lang='grc' dir='ltr'>ἐχοίσας,</span> <span class='ocrx_word' id='word_1_231' title='bbox 397 2622 444 2689; x_wconf 79' lang='grc' dir='ltr'>καὶ</span> <span class='ocrx_word' id='word_1_232' title='bbox 462 2619 566 2698; x_wconf 85' lang='grc' dir='ltr'>δόρατά</span> <span class='ocrx_word' id='word_1_233' title='bbox 585 2646 619 2688; x_wconf 53' lang='grc' dir='ltr'>τε,</span> <span class='ocrx_word' id='word_1_234' title='bbox 637 2621 774 2702; x_wconf 82' lang='grc' dir='ltr'>ναύμαχα,</span> <span class='ocrx_word' id='word_1_235' title='bbox 795 2623 841 2682; x_wconf 84' lang='grc' dir='ltr'>καὶ</span> <span class='ocrx_word' id='word_1_236' title='bbox 859 2622 905 2683; x_wconf 81' lang='grc' dir='ltr'>τό·</span> 
     </span>
     <span class='ocr_line' id='line_1_31' title="bbox 110 2706 907 2788; baseline 0.005 -23"><span class='ocrx_word' id='word_1_237' title='bbox 110 2733 173 2770; x_wconf 90' lang='grc' dir='ltr'>κους</span> <span class='ocrx_word' id='word_1_238' title='bbox 189 2706 339 2788; x_wconf 89' lang='grc' dir='ltr'>μεγάλους·</span> <span class='ocrx_word' id='word_1_239' title='bbox 365 2707 398 2767; x_wconf 77' lang='grc' dir='ltr'>τό</span> <span class='ocrx_word' id='word_1_240' title='bbox 417 2709 449 2767; x_wconf 81' lang='grc' dir='ltr'>δὲ</span> <span class='ocrx_word' id='word_1_241' title='bbox 472 2710 582 2785; x_wconf 81' lang='grc' dir='ltr'>πλῆθος</span> <span class='ocrx_word' id='word_1_242' title='bbox 602 2708 701 2778; x_wconf 76' lang='grc' dir='ltr'>αὐτῶνΙ</span> <span class='ocrx_word' id='word_1_243' title='bbox 712 2710 907 2788; x_wconf 83' lang='grc' dir='ltr'>θωρηκοφόροι</span> 
     </span>
     <span class='ocr_line' id='line_1_32' title="bbox 108 2792 906 2876; baseline 0.005 -24"><span class='ocrx_word' id='word_1_244' title='bbox 108 2792 191 2868; x_wconf 85' lang='grc' dir='ltr'>ἦσαν,</span> <span class='ocrx_word' id='word_1_245' title='bbox 203 2795 344 2874; x_wconf 88' lang='grc' dir='ltr'>μαχαίρας</span> <span class='ocrx_word' id='word_1_246' title='bbox 357 2795 387 2854; x_wconf 80' lang='grc' dir='ltr'>δὲ</span> <span class='ocrx_word' id='word_1_247' title='bbox 398 2795 525 2876; x_wconf 85' lang='grc' dir='ltr'>μεγάλας</span> <span class='ocrx_word' id='word_1_248' title='bbox 541 2795 627 2874; x_wconf 80' lang='grc' dir='ltr'>εἶχον.</span> <span class='ocrx_word' id='word_1_249' title='bbox 668 2795 745 2859; x_wconf 79' lang='grc' dir='ltr'>οὗτοι</span> <span class='ocrx_word' id='word_1_250' title='bbox 764 2801 815 2875; x_wconf 79' lang='grc' dir='ltr'>μὲν</span> <span class='ocrx_word' id='word_1_251' title='bbox 837 2797 906 2858; x_wconf 79' lang='grc' dir='ltr'>οὕτω</span> 
     </span>
     <span class='ocr_line' id='line_1_33' title="bbox 109 2882 992 2964; baseline 0.005 -23"><span class='ocrx_word' id='word_1_252' title='bbox 109 2882 291 2942; x_wconf 86' lang='grc' dir='ltr'>ἐσταλάδατο.</span> <span class='ocrx_word' id='word_1_253' title='bbox 333 2882 455 2960; x_wconf 81' lang='grc' dir='ltr'>Κύπριοι</span> <span class='ocrx_word' id='word_1_254' title='bbox 476 2883 505 2943; x_wconf 81' lang='grc' dir='ltr'>δέ</span> <span class='ocrx_word' id='word_1_255' title='bbox 528 2885 695 2964; x_wconf 87' lang='grc' dir='ltr'>παρείχοντο</span> <span class='ocrx_word' id='word_1_256' title='bbox 719 2887 782 2949; x_wconf 87' lang='grc' dir='ltr'>νέας</span> <span class='ocrx_word' id='word_1_257' title='bbox 804 2884 901 2962; x_wconf 79' lang='grc' dir='ltr'>πεντή-</span> <span class='ocrx_word' id='word_1_258' title='bbox 914 2888 953 2945; x_wconf 91' lang='grc'>90</span> <span class='ocrx_word' id='word_1_259' title='bbox 989 2937 992 2945; x_wconf 94' lang='grc'>.</span> 
     </span>
     <span class='ocr_line' id='line_1_34' title="bbox 109 2962 1008 3049; baseline -0.002 -21"><span class='ocrx_word' id='word_1_260' title='bbox 109 2995 192 3030; x_wconf 86' lang='grc' dir='ltr'>κοντα</span> <span class='ocrx_word' id='word_1_261' title='bbox 211 2971 258 3030; x_wconf 86' lang='grc' dir='ltr'>καὶ</span> <span class='ocrx_word' id='word_1_262' title='bbox 278 2970 385 3042; x_wconf 77' lang='grc' dir='ltr'>ἑκατόν,</span> <span class='ocrx_word' id='word_1_263' title='bbox 406 2972 607 3049; x_wconf 88' lang='grc' dir='ltr'>ἐσκευασμένοι</span> <span class='ocrx_word' id='word_1_264' title='bbox 627 2970 688 3032; x_wconf 82' lang='grc' dir='ltr'>ὦδε·</span> <span class='ocrx_word' id='word_1_265' title='bbox 711 2973 763 3036; x_wconf 73' lang='grc' dir='ltr'>τὰς</span> <span class='ocrx_word' id='word_1_266' title='bbox 788 2976 835 3048; x_wconf 74' lang='grc' dir='ltr'>μὲν</span> <span class='ocrx_word' id='word_1_267' title='bbox 865 2998 910 3027; x_wconf 64' lang='grc' dir='ltr'>κε·</span> <span class='ocrx_word' id='word_1_268' title='bbox 935 2962 1008 3011; x_wconf 60' lang='lat'><em>“³¹¹²</em></span> 
     </span>
     <span class='ocr_line' id='line_1_35' title="bbox 108 3051 943 3140; baseline -0.005 -24"><span class='ocrx_word' id='word_1_269' title='bbox 108 3056 202 3128; x_wconf 76' lang='grc' dir='ltr'>φαλάς</span> <span class='ocrx_word' id='word_1_270' title='bbox 218 3058 347 3140; x_wconf 68' lang='grc' dir='ltr'>εἱλιχατο</span> <span class='ocrx_word' id='word_1_271' title='bbox 367 3059 489 3140; x_wconf 82' lang='grc' dir='ltr'>μίτρῃσι</span> <span class='ocrx_word' id='word_1_272' title='bbox 511 3064 541 3122; x_wconf 78' lang='grc' dir='ltr'>οὶ</span> <span class='ocrx_word' id='word_1_273' title='bbox 562 3060 707 3140; x_wconf 72' lang='grc' dir='ltr'>βασιλέες</span> <span class='ocrx_word' id='word_1_274' title='bbox 727 3058 831 3116; x_wconf 68' lang='grc' dir='ltr'>αἷπιῖιυ·</span> <span class='ocrx_word' id='word_1_275' title='bbox 855 3051 943 3108; x_wconf 60' lang='grc' dir='ltr'>6κῖῗί</span> 
     </span>
     <span class='ocr_line' id='line_1_36' title="bbox 27 3138 968 3225; baseline -0.002 -21"><span class='ocrx_word' id='word_1_276' title='bbox 27 3200 30 3204; x_wconf 74' lang='grc'>,</span> <span class='ocrx_word' id='word_1_277' title='bbox 96 3139 182 3201; x_wconf 65' lang='grc' dir='ltr'>ἄλλοι</span> <span class='ocrx_word' id='word_1_278' title='bbox 196 3144 277 3225; x_wconf 83' lang='grc' dir='ltr'>εἶχον</span> <span class='ocrx_word' id='word_1_279' title='bbox 290 3151 424 3215; x_wconf 83' lang='grc' dir='ltr'>κιθῶνας·</span> <span class='ocrx_word' id='word_1_280' title='bbox 448 3151 488 3212; x_wconf 78' lang='grc' dir='ltr'>τὰ</span> <span class='ocrx_word' id='word_1_281' title='bbox 501 3151 537 3212; x_wconf 65' lang='grc' dir='ltr'>δὲ</span> <span class='ocrx_word' id='word_1_282' title='bbox 552 3149 639 3212; x_wconf 66' lang='grc' dir='ltr'>ἄλλα</span> <span class='ocrx_word' id='word_1_283' title='bbox 652 3138 968 3222; x_wconf 46' lang='grc' dir='ltr'>κατόπερἚδῊλνξῗ·</span> 
     </span>
     <span class='ocr_line' id='line_1_37' title="bbox 86 3220 1000 3310; baseline -0.01 -19"><span class='ocrx_word' id='word_1_284' title='bbox 86 3226 196 3289; x_wconf 64' lang='grc' dir='ltr'>Τούτων</span> <span class='ocrx_word' id='word_1_285' title='bbox 208 3231 241 3292; x_wconf 80' lang='grc' dir='ltr'>δέ</span> <span class='ocrx_word' id='word_1_286' title='bbox 251 3237 370 3300; x_wconf 75' lang='grc' dir='ltr'>τοσάδε</span> <span class='ocrx_word' id='word_1_287' title='bbox 386 3239 478 3303; x_wconf 72' lang='grc' dir='ltr'>ἔθνεά.</span> <span class='ocrx_word' id='word_1_288' title='bbox 495 3247 577 3305; x_wconf 78' lang='grc' dir='ltr'>ἐστι·</span> <span class='ocrx_word' id='word_1_289' title='bbox 605 3241 640 3298; x_wconf 67' lang='grc' dir='ltr'>οἱ</span> <span class='ocrx_word' id='word_1_290' title='bbox 654 3238 712 3310; x_wconf 74' lang='grc' dir='ltr'>μὶν</span> <span class='ocrx_word' id='word_1_291' title='bbox 728 3227 795 3289; x_wconf 64' lang='grc' dir='ltr'>απὸ</span> <span class='ocrx_word' id='word_1_292' title='bbox 804 3220 1000 3283; x_wconf 42' lang='lat' dir='ltr'>{mmmm</span> 
     </span>
    </p>
   </div>
   <div class='ocr_carea' id='block_1_2' title="bbox 0 0 1016 3450">
    <p class='ocr_par' dir='ltr' id='par_1_3' title="bbox 0 0 1016 3450">
     <span class='ocr_line' id='line_1_38' title="bbox 0 0 1016 3450; baseline 0 2"><span class='ocrx_word' id='word_1_293' title='bbox 0 0 1016 3450; x_wconf 95' lang='lat' dir='ltr'> </span> 
     </span>
    </p>
   </div>
  </div>
 </body>
</html>
