2024 3450
79 109 187 173 34-37]
390 112 577 162 Κικιιοιιιι.
748 149 751 155 .
830 115 876 162 299

79 196 108 251 ἐν
121 196 295 270 Πλαταιῇσι·
316 192 362 251 ἐπὶ
375 192 413 262 δὲ,
428 191 444 251 ό
461 197 490 252 ἐν
506 195 594 273 Τεγέη
609 196 680 272 πρὸς
696 195 835 276 Τεγεήτας
847 218 877 253 τε

78 280 124 339 καὶ
144 279 287 361 Ἀργείους
307 278 462 361 γενόμενος·
486 281 558 357 μετοὶ
579 281 616 351 δὲ,
638 282 654 342 ό
677 287 706 342 ἐν
728 287 878 343 Διπαιεῦσι

77 368 147 445 πρός
161 367 299 446 Ἀρκάδας
318 367 431 441 πάντας,
453 368 530 442 πλήν
550 370 720 429 Μαντινέων·
741 372 787 430 ἐπὶ
805 371 843 444 δέ,
860 370 877 432 ό

77 457 256 532 Μεσσηνίων,
279 456 295 515 ό
318 455 388 532 πρός
410 459 448 534 τῷ
468 456 582 534 Ἰσθμῷ·
607 455 727 519 ὕστατος
748 459 784 528 δὲ,
809 458 825 518 ό
849 464 878 519 ἐν
948 485 949 488 ’

77 544 207 623 Τανάγρῃ
215 543 284 621 πρός
291 542 455 620 Ἀθηναίους
468 570 498 603 τε
512 545 558 602 καὶ
567 543 710 624 Ἀργείους
722 544 877 624 γενόμενος·

77 628 158 693 οὗτος
171 632 200 690 δὲ
212 630 333 694 ὕστατος
348 631 525 712 κατεργάσθη
538 636 594 692 τῶν
606 633 688 691 πέντε
702 631 822 713 άγάνων.

118 717 208 780 Οὗτος
222 718 255 792 δή
275 717 339 777 τότε
357 722 434 777 τοῖσι
447 718 575 795 Ἕλλησι
589 719 605 779 ό
620 720 783 796 Τισαμενός,
798 718 878 801 άγόν·
888 723 926 780 36

76 830 130 865 των
144 809 199 865 τῶν
218 808 421 884 Σπαρτιητέων,
441 807 603 884 ἐμαντεύετο
620 813 649 867 ἐν
662 812 699 886 τῇ
717 807 877 867 Πλαταιίδι.

75 897 152 952 τοῖσι
165 893 217 970 μέν
232 894 418 971 νυνἝλλησι
438 895 512 955 καλά
530 897 635 978 ἐγίνετο
653 897 688 956 τοὶ
708 897 760 974 ἱροὶ,
778 895 878 974 α’μυνο·

75 982 195 1058 μένοισι·
210 982 329 1059 διαβᾶσι
343 984 372 1043 δὲ
384 985 433 1044 τόν
443 984 574 1046 Ἀσωπόν
589 987 634 1045 καὶ
643 985 736 1065 μάχης
750 985 877 1064 ἄρχουσι,

76 1069 117 1128 οὔ.
159 1071 308 1152 Μαρδονίῳ
325 1071 354 1131 δὲ
369 1074 584 1153 προθυμεομένῳ
601 1073 693 1153 μάχης
710 1073 813 1153 ἄρχειν,
829 1072 925 1136 ούκ37

75 1159 204 1236 ἐπιτήδεα
226 1161 330 1242 ἐγίνετο
352 1161 386 1221 τά
411 1161 465 1239 ἱρά·
490 1160 651 1241 ἀμυνομένῳ
672 1163 702 1221 δὲ
723 1164 769 1221 καὶ
789 1163 878 1240 τούτῳ

74 1246 157 1306 καλά·
187 1249 232 1307 καὶ
253 1249 307 1330 γάρ
331 1247 411 1313 οὗτος
431 1250 626 1326 Ἑλληνικοῖσι
651 1253 736 1326 ἱροῖσι
758 1249 877 1328 ἐχρέετο,

73 1334 172 1411 μάντιν
189 1339 258 1414 ἔχων
275 1337 513 1417 Ἡγησίστρατον,
536 1336 622 1415 ἄνδρα
642 1337 758 1395 Ἠλεῖόν
779 1361 810 1395 τε
832 1336 877 1394 καὶ

73 1426 128 1482 τῶν
138 1423 312 1483 Τελλιαδέων
326 1423 406 1482 ἐόντα
420 1422 622 1502 λογιμώτατον·
637 1423 686 1482 τόν
695 1424 728 1497 δὴ
742 1423 878 1500 πρότερον

74 1510 177 1569 τούτων
191 1512 364 1587 Σπαρτιῆται
378 1510 517 1586 λαβόντες
534 1512 636 1586 ἔδησαν
650 1511 695 1570 ἐπὶ
713 1511 828 1590 θανάτῳ,
843 1511 878 1575 οἷς

74 1597 244 1660 πεπονθότες
261 1597 359 1657 πολλά
374 1624 405 1658 τε
424 1598 470 1656 καὶ
492 1597 613 1675 α’νάρσια
631 1598 678 1657 ὕπ’
699 1597 793 1657 αὐτοῦ·
815 1599 879 1658 όδέ

75 1691 104 1745 ἐν
121 1685 209 1765 τούτῳ
226 1689 264 1766 τῷ
287 1691 360 1765 κακῷ
377 1685 515 1764 ἐχόμενος,
536 1686 607 1745 ὥστε
626 1688 730 1765 τρέχων
747 1686 811 1764 περὶ
828 1691 879 1762 τῆς

75 1778 167 1853 ψυχῆς
180 1772 235 1850 πρό
247 1800 278 1833 τε
291 1778 341 1833 τοῦ
359 1773 478 1834 θανάτου
494 1774 661 1851 πεισόμενος
675 1774 773 1833 πολλά
786 1802 816 1834 τε
830 1774 876 1833 καὶ

75 1862 174 1942 λυγρά,
202 1864 283 1944 ἔργον
310 1861 450 1942 ἐργάσατο
472 1864 556 1939 μέζον
577 1862 674 1944 λόγου·
710 1863 745 1927 ὦς
765 1863 821 1944 γάρ
843 1863 877 1939 δή

75 1950 181 2010 ἐδέδετο
196 1956 224 2010 έν
238 1950 311 2029 ξύλῳ
326 1950 502 2029 σιδηροδέτῳ,
515 1952 720 2030 ἐσενειχθέντος
734 1977 785 2014 κως
798 1952 876 2026 σιδη-

74 2039 135 2115 ρίου
157 2038 302 2116 ἐκράτησε·
331 2037 429 2097 αὐτίκα
453 2038 483 2097 δὲ
504 2042 663 2117 ἐμηχανᾶτο
685 2037 878 2114 ἀνδρειότατον

75 2127 156 2209 ἔργον
168 2127 278 2188 πάντων
297 2131 352 2187 τῶν
364 2126 444 2203 ἡμεῖς
462 2126 549 2203 ἴδμεν·
571 2125 808 2203 σταθμησάμενος
823 2125 878 2206 γοὶρ

75 2215 143 2280 ὅκως
160 2215 337 2287 ἐξελεύσεταί
357 2219 383 2275 οἱ
401 2215 433 2275 τό
452 2213 555 2274 λοιπόν
570 2218 621 2274 τοῦ
640 2213 734 2284 ποδός,
753 2212 878 2296 ἀπέταμε

74 2304 123 2365 τόν
135 2306 241 2382 ταρσόν
257 2309 366 2374 ἑωυτοῦ,
380 2308 467 2363 ταῦτα
486 2303 515 2363 δέ
534 2302 663 2378 ποιήσας,
679 2302 751 2362 ὥστε
766 2307 878 2377 φυλασ-

75 2392 194 2469 σόμενος
209 2393 263 2452 ύπδ
286 2391 427 2469 φυλάκων,
446 2391 573 2469 διορύξας
591 2391 640 2451 τόν
658 2395 754 2470 τοῖχον
773 2390 878 2466 ἀπέδρη

75 2484 103 2542 ἐς
130 2481 242 2561 Τεγέην,
269 2482 319 2543 τοὶς
344 2483 396 2557 μὲν
423 2479 522 2543 νύκτας
553 2478 745 2556 πορευόμενος,
772 2478 822 2541 τοὶς
848 2477 878 2535 δὲ

75 2567 180 2642 ἡμέρας
202 2567 357 2627 καταδύνων
379 2573 406 2631 ές
430 2566 501 2643 ὕλην
524 2567 568 2624 καὶ
590 2566 778 2642 αὐλιζόμενος·
809 2563 878 2625 οὕτω

76 2654 156 2724 ὥστε,
184 2655 407 2732 Λακεδαιμονίων
440 2654 577 2731 πανδημεὶ
611 2654 768 2731 διζημένων,
798 2653 878 2731 τρίτη

76 2743 198 2824 εὐφρόνη
225 2744 357 2825 γενέσθαι
384 2748 414 2803 ἐν
439 2743 535 2824 Τεγέη,
565 2743 629 2805 τούς
659 2743 688 2801 δέ
715 2747 744 2802 ἐν
771 2743 878 2819 θώματι

74 2833 189 2913 μεγάλῳ
205 2832 350 2911 ἐνέχεσθαι
363 2835 414 2907 τῆς
429 2857 460 2891 τε
480 2831 596 2908 τόλμης,
615 2830 745 2907 όρέοντας
765 2828 799 2887 τό
815 2827 878 2903 ήμί-

74 2945 162 2997 τομον
179 2925 230 2981 τοῦ
250 2919 335 2984 ποδός
357 2919 491 2996 κείμενον,
514 2918 639 2979 κοῖκεῖνον
660 2917 692 2977 ού
715 2914 879 2990 δυναμένους

76 3006 173 3085 εύρεῖν.
213 3008 278 3070 τότε
304 3010 357 3086 μὲν
378 3006 448 3068 οὕτω
470 3005 613 3086 διαφυγὼν
634 2999 878 3077 Λακεδαιμονίους,

77 3095 246 3177 καταφεύγει
268 3101 295 3160 ἐς
316 3096 430 3177 Τεγέην,
452 3099 555 3156 ἐοῦσαν
578 3091 633 3153 ούκ
652 3089 775 3167 ιἰρδμίτηι
800 3095 893 3143 Nm·

72 3183 242 3257 δαιμονίοισι
262 3187 365 3249 τοῦτον
382 3184 437 3249 τόν
454 3184 574 3270 χρόνον·
596 3177 735 3262 δγιῆςδὶ
749 3170 928 3270 Ἱῑλῖζλῑωῗ

60 3271 108 3324 Καὶ
128 3275 415 3354 προσποιησάμενος
437 3277 565 3348 ξύλινον
586 3269 682 3336 πόδας
699 3264 897 3323 mmmm
915 3256 957 3292 ὦ
