2024 3450
338 395 689 475 ‘HPOA'OTOY

246 599 506 666 ἹΣΤοΡιοΝ
551 597 783 664 ΕΝΝΑΤΗ.

462 769 559 796 -0—

324 943 327 947 .
403 896 624 949 ΚΑΛΛῙΟΠΗ.

152 1001 386 1065 ΜΑΡΔΟΝΙΟΣ
413 1001 450 1071 δέ,
475 1001 510 1066 ὥς
537 1005 563 1062 οἱ
591 1001 790 1079 άπονοστήσας
815 999 935 1081 Ἀλέξ-,Ι

111 1087 209 1165 ανδρος
235 1087 271 1148 τά
298 1088 375 1165 παρά
393 1088 546 1165 Ἀθηναίων
573 1090 703 1169 ἐσήμηνε,
727 1090 858 1166 ὁρμηθεὶς
880 1094 910 1147 ε’κ

111 1177 274 1251 Θεσσαλίης
289 1175 341 1254 ἦγε
353 1176 406 1251 τήν
419 1177 554 1253 στρατιήν
573 1178 683 1254 σπουδῇ
702 1177 746 1235 ε’πὶ
765 1176 815 1237 τάς
827 1174 910 1250 Ἀθή-

111 1286 167 1324 νας·
183 1262 250 1320 ὅκου
263 1262 292 1320 δὲ
307 1263 439 1321 ἑκάστοτε
448 1265 560 1343 γίνοιτο,
572 1263 685 1324 τούτους
698 1261 909 1338 παρελάμβανε.

110 1351 187 1406 τοῖσι
208 1349 238 1406 δὲ
258 1350 422 1423 Θεσσαλίης
443 1349 622 1427 ἡγεομένοισι
646 1348 709 1408 οὔτε
729 1348 764 1409 τά
786 1348 840 1424 πρὸ
860 1353 910 1408 τοῦ

110 1435 292 1516 πεπρηγμένα
324 1435 461 1511 μετέμελε
495 1434 580 1507 οὐδὲν,
607 1439 707 1513 πολλῷ
737 1461 768 1494 τε
797 1439 910 1511 μᾶλλον

112 1525 217 1601 ἐπῆγον
236 1521 285 1581 τόν
306 1523 432 1598 Πέρσην·
454 1523 499 1581 καὶ
520 1524 744 1600 συμπροέπεμψέ
761 1548 792 1582 τε
812 1522 911 1599 Θώρηξ

111 1607 127 1668 ὁ
148 1613 325 1685 Ληρισσαῖος
348 1609 453 1685 Ξέρξεα
480 1609 627 1690 φεύγοντα,
653 1610 698 1668 καὶ
721 1609 785 1670 τότε
809 1615 838 1668 ἐκ
861 1614 910 1670 τοῦ

112 1701 234 1774 φανεροῦ
247 1701 354 1774 παρῆκε
369 1697 528 1772 Μαρδόνιον
542 1697 588 1754 ε’πὶ
600 1695 652 1771 τήν
661 1697 797 1756 Ἑλλάδα.
831 1697 937 1758 Ἐπεὶ2

111 1784 141 1843 δὲ
159 1785 343 1861 πορευόμενος
362 1783 471 1864 γίνεται
488 1783 504 1843 ὅ
525 1784 645 1860 στρατὸς
663 1790 692 1845 έν
712 1788 869 1856 Βοιωτοῖσι,
883 1789 910 1847 οἱ

111 1875 235 1948 Θηβαῖοι
262 1872 478 1949 κατελάμβανον
500 1873 549 1933 τᾶν
573 1873 732 1948 Μαρδόνιον
760 1875 805 1932 καὶ
832 1900 910 1934 συνε-

109 1961 250 2037 βούλευον
263 1960 343 2040 αύτῷ,
357 1960 487 2042 λέγοντες
498 1960 533 2023 ὥς
543 1958 593 2018 ούκ
608 1961 649 2035 εἴη
662 1964 752 2038 χῶρος
766 1958 910 2036 ἐπιτηδεύ-

109 2075 188 2122 τερος
211 2047 513 2126 ἐνστρατοπεδεύεσθαι
537 2047 650 2106 ἐκείνου·
688 2046 750 2106 οὐδὲ
772 2048 821 2106 έων
842 2048 910 2108 ἰέναι

110 2138 256 2214 ἑκαστέρω,
271 2136 337 2196 ἄλλ’
351 2136 435 2195 αὐτοῦ
450 2136 574 2212 ἱζόμενον
588 2136 691 2195 ποιέειν
704 2135 773 2200 ὅκως
787 2135 910 2215 ἀμαχητὶ

109 2224 161 2299 τήν
174 2231 270 2285 πᾶσαν
283 2224 410 2283 Ἑλλάδα
424 2225 659 2303 καταστρέψηται·
681 2233 699 2259 “
708 2223 778 2283 κατά
790 2227 842 2300 μέν
854 2223 909 2304 γάρ

109 2311 142 2370 τὸ
173 2312 289 2390 ἰσχυρὸν
317 2311 466 2387 Ἕλληνας
492 2311 723 2389 ὁμοφρονέοντας,
754 2312 832 2388 οἵπερ
864 2313 909 2370 καὶ

109 2398 197 2474 πάρος
215 2399 302 2459 ταύτὰ
321 2400 479 2480 ἐγίνωσκον,
496 2399 609 2479 χαλεπά
629 2400 698 2459 εἶναι
718 2401 908 2480 περιγίνεσθαι

110 2486 156 2542 καὶ
179 2484 269 2544 ἅπασι
297 2487 478 2561 ἀνθρώποισι·
521 2493 545 2546 εἰ
568 2488 598 2546 δὲ
623 2486 751 2563 ποιήσεις
772 2486 808 2546 τά
830 2487 909 2564 ἡμεῖς

109 2572 316 2650 παραινέομεν,”
351 2575 462 2648 ἔφασαν
494 2576 631 2657 λέγοντες,
675 2575 769 2644 ((έξεις
803 2575 909 2638 α’πόνως

109 2659 218 2721 ἅπαντα
230 2660 266 2720 τά
284 2661 379 2721 κείνων
396 2661 589 2739 βουλεύματα.
630 2664 723 2740 πέμπε
736 2664 867 2742 χρήματα
880 2666 907 2725 ές

108 2750 173 2813 τούς
186 2749 402 2814 δυναστεύοντας
415 2749 515 2826 ἄνδρας
533 2756 562 2810 ἓν
579 2755 647 2830 τῇσι
661 2752 771 2810 πόλισι·
793 2752 908 2826 πέμπων

109 2835 146 2906 δὲ,
160 2840 211 2914 τήν
223 2837 351 2897 Ἑλλάδα
364 2838 535 2914 διαστήσεις·
559 2841 682 2899 ἐνθεῦτεν
696 2838 725 2896 δὲ
739 2838 803 2900 τούς
818 2836 857 2911 μή
871 2835 907 2895 τά

109 2948 149 2982 σα
166 2927 335 3001 φρονέοντας
350 2927 459 3037 ῥηιδίως
476 2953 547 3002 μετα
563 2931 618 2987 τῶν
635 2925 812 2986 στασιωτέων
826 2949 906 2982 κατα-

109 3013 268 3089 στρέήιεαι.η
308 3018 335 3074 οἱ
354 3018 405 3091 μὲν
425 3019 514 3074 ταῦτα
535 3013 754 3124 συνεβρύλευου·
784 3010 856 3066 BQ(
871 3010 955 3060 υὶιιῶ

105 3099 237 3170 ε’πειθετο,
257 3101 386 3162 α’λλά“
360 3130 388 3164 οι
408 3103 500 3169 δεινάς
523 3131 567 3168 τις
590 3104 754 3162 ενέστακτο
768 3097 880 3168 ἰμεςυς
897 3107 957 3138 'W‘-

97 3181 217 3261 Ἀθήνας
231 3185 353 3270 δαίτερα
378 3192 530 3254 ἑλέειν·
513 3218 580 3272 αμα
603 3215 656 3268 μεν
674 3211 717 3244 υτ
710 3165 987 3257 mmmm&
