2024 3450
137 128 183 171 μ’,
446 117 630 166 Ἥοοιοτοτ
845 111 946 178 [vm

136 225 186 259 τον
206 197 330 274 θόρυβον
352 195 484 253 ἀπίκοντο
512 191 585 252 ὥστε
606 193 672 250 ἔνιοι
692 195 747 251 τῶν
774 201 947 275 στρατηγῶν

138 286 200 346 οὐδὲ
214 285 366 361 κυρωθῆναι
380 283 475 357 έμενον
488 279 521 340 τό
535 281 714 356 προκείμενον
733 284 862 362 πρῆγμα,
878 281 940 343 ἀλλ’

138 376 165 437 ἐς
184 400 215 432 τε
235 373 284 433 τάς
305 376 371 445 νῆας
392 370 552 437 ἐσέπιπτον,
578 369 624 426 καὶ
645 368 722 427 ἱστία
747 367 880 446 ἀείροντο
909 372 947 437 ὦς

82 490 85 495 ·
139 460 369 535 ἀποθευσόμενοι·
407 457 486 517 τοῖσί
513 482 543 514 τε
575 451 824 530 θπολειπομένοισι
853 457 947 523 αθτῶν

140 549 263 626 ἐκυρώθη
277 547 331 624 πρό
345 549 395 606 τοῦ
404 545 522 621 Ἰσθμοῦ
532 544 706 621 ναυμαχέειν·
718 542 768 613 νύξ
778 571 811 604 τε
825 547 943 626 ἐγίνετο,

138 639 184 696 καὶ
205 637 240 706 οἳ,
257 635 431 696 διαλυθέντες
449 638 479 692 ἐκ
497 635 547 691 τοῦ
568 631 719 708 συνεδρίου,
742 633 897 708 ἐσέβαινον
917 643 946 700 ἐς

89 726 128 789 57
138 726 188 788 τάς
208 729 284 800 νῆας.
325 721 464 782 Ἐνθαῦτα
490 719 524 795 δή
552 718 747 796 Θεμιστοκλέα
770 719 945 798 ἀπικόμενον

140 814 185 873 ἐπὶ
205 813 256 888 τῆν
275 816 328 887 νῆα
344 811 432 888 εἴρετο
450 809 641 884 Μνησίφιλος,
661 806 732 885 ἀνήρ
749 806 909 883 Ἀθηναῖος,
928 810 944 871 ὅ

137 928 165 962 τι
179 908 235 976 σφι
249 901 290 975 εἴη
302 898 542 975 βεβουλευμένον;
558 893 715 972 πυθόμενος
729 896 758 954 δέ
772 896 842 972 πρὸς
857 898 944 958 αὐτοῦ

138 989 174 1051 ὦς
188 990 229 1062 εἴη
243 987 408 1067 δεδογμένον
421 983 534 1066 ἀνάγειν
544 984 593 1047 τάς
604 989 671 1059 νῆας
680 983 750 1060 πρός
759 983 809 1042 τόν
822 984 944 1063 Ἰσθμόν

139 1076 185 1133 καὶ
197 1073 251 1150 πρό
265 1077 315 1149 τῆς
329 1070 551 1147 Πελοποννήσου
565 1072 737 1149 ναυμαχέειν,
750 1070 819 1130 εἶπε·
837 1072 944 1134 “ὀὗτοι

139 1161 193 1240 ἀρα
215 1160 250 1238 ῆν
273 1159 414 1238 ἀπαίρωσι
433 1159 483 1222 τάς
506 1163 574 1234 νῆας
595 1159 652 1218 ἀπό
676 1160 847 1236 Σαλαμῖνος,
878 1164 944 1239 περὶ

140 1250 268 1327 οθδεμιῆς
284 1249 324 1309 ἐτι
337 1248 470 1325 πατρίδος
483 1247 683 1327 ναυμαχήσεις·
705 1247 775 1306 κατά
788 1248 844 1328 γάρ
858 1249 944 1314 πόλις

140 1339 254 1399 ἐκαστοι
280 1337 438 1416 τρέψονται·
474 1337 526 1419 καὶ.
547 1335 610 1395 οὔτε
638 1335 730 1412 σφέας
762 1335 944 1414 Εὐρυβιάδης

140 1424 266 1507 κατέχειν
284 1422 431 1502 δυνήσεται
447 1418 509 1484 οὔτε
528 1416 569 1487 τις
588 1423 737 1501 ἀνθρώπων
755 1421 852 1494 ἀλλος,
869 1425 944 1487 ὥστε

139 1514 172 1574 οὗ
188 1516 228 1592 μῆ
247 1515 482 1588 διασκεδασθῆναι
500 1512 551 1588 τήν
572 1511 715 1588 στρατιήν·
740 1510 896 1572 ἀπολέεταί
912 1540 944 1574 τε

139 1601 160 1678 ἦ
176 1602 282 1665 Ἑλλάς
301 1602 466 1679 ἀβουλίῃσι.
508 1600 573 1659 ἀλλ’
591 1601 616 1658 εἶ
632 1625 677 1672 τις
689 1599 751 1658 ἐστὶ
765 1599 888 1678 μηχανή,
903 1602 943 1662 ’ίθι

142 1691 188 1749 καὶ
210 1694 296 1766 πειρῶ
316 1690 424 1765 διαχέαι
444 1689 479 1747 τά
495 1688 721 1764 βεβουλευμένα,
743 1686 778 1760 ήν
801 1713 854 1751 κως
874 1688 943 1768 δύνῃ

139 1776 298 1856 ἀναγνῶσαι
328 1775 506 1852 Εὐρυβιάδεα
537 1773 832 1851 μεταβουλεύσασθαι,
868 1775 944 1837 ὥστε

91 1867 130 1940 58
140 1863 225 1923 αότοῦ
238 1863 369 1940 μενέειν.”
411 1863 510 1941 Κάρτα
524 1862 557 1938 δή
568 1867 609 1940 τῷ
622 1863 812 1939 ΘεμιστοκλέιΙ
823 1861 944 1941 ήρεσεή

139 1949 277 2028 ἀποθήκη·
306 1950 351 2010 καὶ
376 1949 453 2010 οὐδὲν
473 1949 545 2028 πρός
568 1952 656 2010 ταῦτα
679 1947 876 2027 ἀμειψόμενος,
899 1951 944 2029 ἤϊε

139 2040 185 2100 ἐπὶ
205 2039 257 2116 τήν
278 2043 332 2116 νῆα
353 2038 405 2116 τήν
425 2037 615 2117 Εὐρυβιάδεω·
644 2032 810 2114 ἀπικόμενος
837 2038 867 2097 δέ
887 2041 944 2124 ἐφη

143 2129 234 2189 θέλειν
251 2132 278 2188 οἶ
295 2127 387 2187 κοινόν
403 2153 431 2186 τι
449 2129 567 2207 πρῆγμα
581 2125 727 2210 συμμίξαι·
749 2125 765 2185 ό
779 2125 802 2184 δ’
816 2124 903 2187 αὐτόν
917 2135 945 2193 ἐς

138 2216 190 2292 τήν
204 2221 257 2291 νῆα
270 2216 380 2275 ἐκέλευε
391 2214 518 2290 ἐσβάντα
531 2213 624 2295 λέγειν
638 2213 703 2272 εἴτι
717 2214 802 2273 θέλει·
822 2215 945 2276 ἐνθαῦτα

139 2301 156 2362 ὁ
176 2302 386 2378 Θεμιστοκλέης
401 2299 586 2377 παριζόμενός
606 2303 632 2359 οἱ
652 2296 800 2382 καταλέγει
816 2302 895 2361 κεῖνά
914 2331 947 2365 τε

139 2388 230 2448 πάντα
249 2387 284 2446 τοὶ
305 2387 410 2463 ἤκουσε
430 2385 626 2461 Μνησιφίλου,
649 2391 749 2447 ἑωυτοῦ
770 2388 944 2467 ποιεύμενος,

140 2475 186 2535 καὶ
198 2474 276 2533 ἀλλα
293 2473 391 2533 πολλά
405 2473 576 2550 προστιθείς·
597 2479 626 2537 ἐς
639 2473 655 2534 δ
669 2473 810 2557 ἀνέγνωσε
822 2479 948 2555 χρηΐζων

139 2564 169 2622 έκ
181 2588 212 2622 τε
225 2567 274 2637 τῆς
288 2561 353 2638 νηός
366 2563 484 2638 ἐκβῆναι
498 2562 636 2647 συλλέξαι
648 2589 679 2622 τε
691 2562 756 2626 τούς
766 2567 948 2645 στρατηγούς

92 2655 129 2711 59
140 2655 167 2713 ἐς
184 2650 217 2710 τό
236 2650 390 2726 συνέδριον.
429 2649 480 2713 Ὡς
493 2649 523 2708 δὲ
536 2648 589 2727 ἀρα
603 2651 825 2731 συνελέχθησαν,
839 2654 910 2728 πρὶν
929 2655 948 2732 ἢ

138 2737 188 2797 τόν
211 2736 388 2813 Εὐρυβιάδεα
409 2739 554 2815 προθεῖναι
580 2736 631 2798 τόν
656 2737 745 2819 λόγον
769 2741 825 2797 τῶν
852 2740 949 2802 εἵνεκα

138 2825 281 2907 συνήγαγε
291 2825 355 2887 τούς
369 2825 552 2908 στρατηγοάς,
562 2826 653 2890 πολύς
662 2826 697 2903 ἦν
707 2825 723 2886 ό
733 2829 950 2906 Θεμιστοκλέης

140 2919 169 2976 ἐν
187 2916 264 2976 τοῖσι
284 2912 406 2994 λόγοισι,
421 2913 466 2973 οἷα
484 2913 573 2991 κάρτα
593 2913 731 2991 δεόμενος·
759 2913 893 2995 λέγοντος
916 2919 950 2980 δὲ

139 3003 232 3075 αὐτοῦ,
246 3002 262 3064 ό
277 3002 425 3078 Κορίνθιος
435 3001 593 3083 στρατηγός
601 3000 781 3078 Ἀδείμαντος
794 3001 810 3062 ὁ
823 3001 949 3067 Ὠκύτου

137 3091 209 3153 εἶπε·
240 3090 289 3151 “ὦ
308 3087 519 3170 Θεμιστόκλεες,
538 3095 568 3150 ἐν
584 3095 662 3151 τοῖσι
680 3089 771 3172 ἀγῶσι
785 3093 812 3150 οἶ
825 3093 948 3167 προεξα-

124 3181 296 3262 νιστάμενοι
310 3179 505 3264 ῥαπίζονται·”
528 3177 592 3242 όδὶ
604 3177 798 3251 ἀπολυόμενος
807 3178 873 3274 ἕδρη·
893 3190 912 3212 “
925 3187 956 3275 §z

57 3266 99 3322 θθ
107 3268 150 3326 δέ
168 3298 206 3350 γε
236 3274 529 3357 ἐγκαταλειπόμενοι
557 3266 592 3329 οὗ
618 3259 850 3337 στῑΘανῶῊωθ
892 3263 972 3312 ἾΨ
