2024 3450
151 113 182 160 ει
459 108 640 156 ἨΡοΔοιοιι
904 111 953 179 [v.

152 190 277 249 ἐπείθετο
291 189 339 246 καί
349 212 398 264 μιν
411 185 494 259 όπίει,
516 184 707 262 ε’ντειλόμενος
722 187 806 247 ε’πεόν
818 188 855 248 τοὶ
867 189 955 253 ὑπέσ-

154 278 221 356 χετό
238 281 264 336 οἶ
282 277 411 335 ἐπιτελέα
426 274 548 353 ποιήσῃ,
560 276 767 356 παραγίνεσθαί
778 280 805 336 οἱ
821 277 913 338 ὀπίσω
928 287 956 345 ἐς

152 365 188 423 τό
202 368 306 429 Σοῦσα.

107 455 163 512 108
204 452 253 513 ,Ἐν
278 449 298 532 ᾧ
321 452 351 510 δὲ
374 451 493 532 ἀγγελίη
513 477 545 512 τε
565 451 629 528 περὶ
651 455 706 512 τῶν
730 452 854 530 Σαρδίων
877 457 955 533 παρὰ

152 541 278 616 βασιλέα
288 538 373 615 α’νήῖε,
388 541 433 598 καὶ
445 543 562 616 Δαρεῖος
575 539 610 599 ταὶ
623 540 687 615 περὶ
695 540 729 599 τό
739 541 821 610 τόξον
830 543 955 619 ποιήσας

152 626 273 706 Ἱστιαίῳ
295 633 322 690 ε’ς
342 623 445 707 λόγους
463 626 543 703 ἦλθε,
561 628 607 686 καὶ
625 627 757 690 Ἱστιαῖος
772 632 954 708 μεμετιμένος

153 715 207 775 ὑπό
237 717 356 792 Δαρείου
384 717 524 792 ἐκομίζετο
549 716 594 774 ε’πὶ
618 715 778 775 θάλασσαν’
811 722 839 776 ε’ν
865 720 954 800 τούτῳ

152 803 234 862 παντὶ
247 807 285 881 τῷ
297 802 389 881 χρόνῳ
404 803 508 882 ἐγίνετο
521 802 596 862 τάδε’
610 805 802 880 πολιορκέοντι
812 811 850 884 τῷ
860 807 954 870 Σαλα·

151 891 231 968 μινίῳ
250 890 395 969 Ὀνησίλῳ
413 889 619 965 Ἀμαθουσίους
641 893 849 972 ἐξαγγέλλεται,
870 890 954 970 νηυσὶ

153 977 288 1053 στρατιήν
298 977 412 1052 πολλὴν
425 975 529 1056 ἄγοντα
539 977 684 1053 Περσικὴν
693 978 853 1055 Ἀρτύβιον,
867 981 954 1058 ἄνδρα

153 1065 278 1140 Πέρσην,
300 1065 491 1141 προσδόκιμον
513 1070 540 1128 ε’ς
559 1065 610 1140 τήν
632 1065 748 1142 Κόπρον
766 1067 843 1126 εἶναι·
867 1068 953 1128 πυθό·

151 1177 234 1228 μενος
255 1153 390 1211 δὲταῦτα
412 1151 428 1211 ό
449 1151 609 1228 Ὀνήσιλος,
632 1153 750 1229 κήρυκας
772 1154 905 1231 διέπεμπε
925 1161 953 1218 ές

152 1239 204 1316 τὴν
221 1239 326 1314 Ἰωνίην
345 1239 559 1318 ε’πικαλεύμενός
577 1247 678 1315 σφεας·
698 1240 790 1304 Ἴωνες
807 1242 836 1300 δὲ
857 1242 907 1302 οὑκ
924 1248 953 1307 ές

151 1328 261 1406 μακρῆν
270 1327 497 1405 βουλευσόμενοι
507 1326 576 1403 ἧκον
586 1333 685 1407 πολλῷ
695 1328 801 1408 στόλῳ.
824 1328 912 1394 Ἰωνές
920 1357 952 1391 τε

152 1417 185 1492 δη
206 1421 338 1494 παρῆσαν
359 1421 387 1478 ές
406 1417 458 1493 τὴν
479 1416 602 1493 Κύπρον,
624 1417 670 1475 καὶ
690 1421 717 1476 οἱ
738 1418 849 1494 Πέρσαι
869 1424 954 1498 νηυσὶ

150 1505 299 1580 διαβάντες
316 1511 345 1564 ἐκ
363 1508 414 1581 τῆς
431 1507 562 1582 Κιλικίης
577 1505 662 1582 ἤϊσαν
679 1506 725 1563 ε’πὶ
738 1505 789 1580 τήν
803 1507 951 1584 Σαλαμῖνα

151 1596 229 1673 πεζῇ·
258 1599 326 1674 τῇσι
348 1594 377 1653 δὲ
403 1596 486 1671 νηυσὶ
508 1599 535 1655 οἱ
557 1597 679 1658 Φοίνικες
706 1592 879 1669 περιέπλωον
900 1594 951 1668 τήν

104 1683 160 1740 109
171 1680 258 1759 ἄκρην
272 1683 300 1741 αἲ
313 1687 461 1743 καλεῦνται
475 1684 596 1759 Κληίδες
611 1687 661 1758 τῆς
678 1682 803 1758 Κύπρου.
845 1687 868 1738 Τ
869 1681 951 1740 οότου

150 1768 179 1826 δὲ
186 1769 313 1828 τοιούτου
323 1772 478 1849 γινομένου,
490 1771 586 1838 ἔλεξαν
600 1775 626 1829 οἱ
636 1769 764 1845 τύραννοι
774 1773 823 1843 τῆς
834 1769 950 1846 Κύπρου

151 1847 377 1933 συγκαλέσαντες
390 1861 444 1914 τῶν
457 1856 554 1914 Ἰιόνων
564 1856 627 1916 τοὺς
637 1854 821 1933 στρατηγούς·
836 1856 951 1934 “ἇνδρες

146 1939 245 2012 Ἴωνες,
260 1942 368 2017 αἵρεσιν
382 1941 446 2017 ὑμῖν
460 1941 570 2015 δίδομεν
581 1941 659 2014 ἡμεῖς
673 1943 699 1996 οἱ
713 1939 843 2014 Κύπριοι,
858 1943 950 2004 όκοτέ-

149 2054 226 2104 ροισι
239 2029 383 2104 βούλεσθε
396 2026 619 2104 προσφέρεσθαι,
634 2024 651 2101 ἢ
664 2025 796 2103 Πέρσησι
806 2025 824 2100 ἢ
835 2031 950 2102 Φοίνιξι·

151 2122 174 2176 εἶ
189 2121 241 2195 μὲν
257 2118 312 2199 γόρ
328 2118 398 2194 πεζῇ
414 2113 557 2190 βούλεσθε
573 2115 721 2192 ταχθέντες
740 2116 872 2190 Περσέων
893 2118 951 2178 δια-

149 2208 309 2284 πειρᾶσθαι,
331 2204 387 2280 ὥρη
408 2201 442 2262 ἂν
464 2203 505 2279 εἴη
525 2203 590 2279 ὑμῖν
612 2203 749 2280 ἐκβάντας
766 2209 795 2262 ἐκ
812 2209 867 2264 τῶν
882 2213 951 2270 νεῶν

148 2293 309 2353 τάσσεσθαι
327 2293 406 2370 πεζῇ,
420 2291 507 2368 ἡμέας
521 2292 550 2351 δὲ
564 2298 590 2356 ές
602 2292 652 2355 τός
665 2294 728 2355 νέας
744 2296 887 2370 ε’μβαίνειν
900 2297 951 2362 τός

148 2380 280 2458 ὑμετέρας
300 2381 405 2449 Φοίνιξι
422 2380 697 2462 ἀνταγωνιευμένους·
719 2386 742 2440 εἰ
764 2381 793 2440 δὲ
815 2386 950 2448 Φοινίκων

148 2473 262 2544 μᾶλλον
277 2467 421 2546 βούλεσθε
439 2470 643 2547 διαπειρᾶσθαι,
665 2471 867 2548 ποιέεινχρεόν
888 2478 951 2534 ἔστι

148 2555 241 2633 ὑμέας,
256 2556 383 2636 (ὁκότερα
401 2557 435 2618 ἂν
449 2557 481 2633 δή
500 2558 605 2617 τούτων
619 2558 745 2639 ἕλησθε)
759 2557 828 2621 ὅκως
841 2560 874 2618 τό
889 2562 961 2623 κατ’,

81 2666 84 2671 ’
148 2643 234 2720 ὑμέας
256 2645 369 2720 έσταιῆ
390 2672 420 2705 τε
441 2645 529 2721 Ἰωνίη
551 2647 597 2704 καὶ
618 2645 633 2704 ό
656 2645 769 2722 Κύπρος
791 2647 949 2725 ε’λευθέρη.”

149 2733 228 2792 εἶπαν
244 2732 294 2814 [οἱ]
308 2732 400 2796 Ἴωνες
418 2734 488 2810 πρός
504 2739 601 2793 ταῦτα.
624 2744 640 2768 “
649 2733 736 2809 ἡμέας
750 2734 898 2812 ἀπέπεμψε
914 2735 949 2797 τό

150 2820 242 2880 κοινόν
260 2825 313 2880 τόν
328 2820 426 2881 Ἰώνων
439 2822 616 2896 φυλάξοντας
631 2821 683 2897 τήν
702 2822 862 2892 θόλασσαν,
882 2823 949 2883 ἀλλ’

148 2909 197 2967 οὑκ
215 2910 259 2968 ἵνα
277 2910 431 2986 Κυπρίοισι
448 2910 498 2972 τός
515 2910 578 2972 νέας
595 2909 765 2986 παραδόντες
782 2910 860 2971 αὑτοὶ
874 2912 949 2988 Πέρ-

149 3024 220 3075 σησι
230 2999 300 3077 πεζῇ
311 2999 546 3075 προσφερώμεθα.
562 2997 643 3074 ἡμεῖς
652 2999 704 3074 μέν
714 3024 761 3057 νυν
772 2998 813 3057 ἐπ’
825 2996 856 3056 οὗ
868 2999 948 3076 ἐτάχ-

132 3085 233 3158 θημεν,
252 3087 342 3166 ταότη
359 3086 556 3166 πειρησόμεθα
573 3087 643 3146 εἶναι
659 3086 790 3165 χρηστοί.
811 3086 897 3160 ὑμέας
918 3086 949 3145 δὲ

111 3171 211 3242 ,ηαεόν
226 3173 293 3234 ε’στι
310 3176 553 3254 ἀναμνησθέντας
568 3176 617 3236 οἷα
631 3175 775 3249 ἐπόσχετε
785 3171 966 3231 λουλεὺοντες

46 3241 208 3324 110an
222 3267 287 3323 τῶν
297 3264 415 3342 ,Μήδων
425 3269 572 3349 γίνεσθαι
586 3264 698 3336 ἄνδρας
713 3253 858 3338 ἆγῦθῦὗῒῗ
883 3252 986 3312 *mm
