2024 3450
103 111 150 158 τοι
379 145 382 149 .
410 109 591 156 Ἤτοιουοτ
825 105 907 172 [vn.

102 186 289 264 πειρειόμενοι,
304 185 351 246 καὶ
364 186 434 245 κατὰ
447 187 530 246 τέλεα
544 188 590 246 καὶ
603 186 738 248 παντοίως
752 186 908 262 προσβάλ-

102 278 207 342 λοντες,
222 273 384 350 ἀπήλαυνον
398 273 498 334 ὀπίσω.
535 282 564 335 ἐν
580 275 699 353 ταύτῃσι
714 277 782 351 τῇσι
799 273 909 349 προσό-

103 361 178 420 δοισι
201 366 251 437 τῆς
271 360 365 441 μάχης
388 363 501 443 λέγεται
524 363 652 438 βασιλέα
676 360 828 437 θηεύμενον
848 363 910 438 τρὶς

103 447 271 526 ἀναδραμεῖν
282 454 312 508 ἐκ
325 454 375 510 τοῦ
389 449 497 528 θρόνου,
509 451 639 509 δείσαντα
652 450 716 524 περὶ
729 453 764 526 τῇ
775 454 908 527 στρατιῇ.

55 537 114 595 212
124 536 195 596 Τότε
220 540 272 613 μέν
300 537 370 598 οὕτω
395 536 579 619 ἠγωνίσαντο·
607 541 643 615 τῇ
671 536 694 595 δ’
717 535 853 614 ὑστεραίῃ
883 541 910 595 οἶ

103 624 254 703 βάρβαροιΙ
273 624 352 685 οὐδὲν
371 624 484 703 ἄμεινον
504 625 630 684 ἀέθλεον·
659 623 706 683 ἅτε
725 622 781 703 γάρ
803 621 910 704 όλίγων

105 711 212 782 ε’όντων,
224 714 390 776 ἐλπίσαντές
404 719 496 788 σφεας
509 711 802 789 κατατετρωματίσθαι
815 736 847 769 τε
861 713 909 771 καὶ

105 798 159 857 οόκ
171 801 245 863 οἵους
260 827 292 859 τε
309 801 424 860 ἔσεσθαι
441 802 481 860 ἔτι
493 804 589 880 χεῖρας
605 799 812 874 ἀνταείρασθαι,
827 800 909 858 συνέ-
960 878 966 888 .

104 887 228 961 βαλλον·
257 891 283 946 οἱ
307 888 337 946 δὲ
357 888 497 963 Ἕλληνες
521 887 591 946 κατά
614 887 690 956 τάξις
710 912 744 945 τε
768 887 814 944 καὶ
835 889 910 945 κατὰ

106 972 184 1031 ἔθνεα
203 976 407 1050 κεκοσμημένοι
420 974 502 1050 ἦσαν,
518 976 563 1033 καὶ
580 981 608 1034 ἐν
621 977 698 1051 μέρεϊ
715 975 828 1033 ἔκαστοι
841 974 909 1050 ε’μά·

104 1084 198 1138 χοντο,
209 1059 286 1134 πλήν
296 1062 419 1121 Φωκέων·
436 1060 513 1120 οὗτοι
527 1061 557 1120 δὲ
571 1067 598 1124 ἐς
610 1062 642 1120 τό
655 1061 735 1139 οὖρος
746 1061 909 1139 ἐτάχθησαν

107 1145 279 1223 φυλάξοντες
297 1147 347 1223 τήν
364 1147 498 1225 ἀτραπόν·
520 1149 556 1212 ὥς
574 1149 603 1207 δὲ
622 1149 700 1209 οὐδὲν
715 1148 844 1226 εὕρισκον
857 1149 909 1208 ἅλ-

105 1235 249 1312 λοιότερον
268 1239 295 1296 οἱ
314 1236 426 1314 Πέρσαι
446 1235 464 1313 ἢ
484 1241 520 1316 τῇ
537 1238 688 1317 προτεραίῃ
707 1235 819 1314 ἐνάρων,
836 1235 910 1314 άπή-

107 1326 219 1385 λαυνον.

58 1412 117 1470 213
145 1411 330 1490 Ἀπορέοντος
340 1413 369 1472 δὲ
379 1412 518 1489 βασιλέος
526 1412 541 1473 6
549 1439 577 1472 τι
587 1413 724 1493 χρήσεται
731 1419 769 1494 τῷ
776 1412 910 1490 παρεόντι

106 1499 259 1580 πρήγματι,
281 1500 434 1577 Ἐπιάλτης
457 1501 473 1562 6
497 1500 663 1579 Εὐρυδήμου
687 1501 756 1577 α’νήρ
780 1502 910 1577 Μηλιεύς

104 1585 178 1662 ἦλθέ
191 1591 217 1646 οἶ
231 1592 258 1651 ε’ς
272 1589 380 1670 λόγους,
394 1588 430 1652 ὥς
441 1591 519 1670 μέγα·
528 1616 556 1649 τι
569 1590 645 1666 παραὶ
658 1590 797 1664 βασιλέος
807 1589 911 1649 δοκέων

107 1675 247 1736 οἴσεσθαι·
265 1675 375 1754 ἔφρασέ
387 1703 418 1737 τε
430 1677 483 1754 τήν
492 1677 621 1756 οἷτραπὸν
631 1677 683 1753 τήν
692 1676 737 1736 διά
749 1681 799 1736 τοῦ
813 1675 910 1753 οὔρεος

107 1763 251 1839 φέρουσαν
268 1769 295 1826 ἐς
312 1764 505 1841 Θερμοπύλας,
520 1768 565 1825 καὶ
583 1766 722 1842 διέφθειρε
739 1765 804 1826 τούς
820 1763 910 1844 ταύτῃ

105 1848 306 1924 ὑπομείναντας
328 1849 482 1927 Ἐλλήνων·
510 1853 628 1930 ὕστερον
651 1853 680 1913 δὲ
704 1853 799 1915 δείσας
814 1857 909 1933 ,Αακεε

106 1936 262 2013 δαιμονίους
278 1939 364 2019 ἔφυγε
380 1943 407 2002 ές
420 1942 594 2016 Θεσσαλίην·
616 1943 665 2000 καί
678 1943 705 2000 οἳ
719 1938 837 2021 φυγόντι
852 1932 910 2001 ύπό

105 2029 160 2085 τῶν
174 2027 349 2107 Πυλαγόρων
362 2029 428 2109 (τῶν
441 2024 653 2105 Ἀμφικτυόνων
669 2034 696 2093 ές
713 2028 764 2104 τήν
778 2028 911 2105 Πυλαίην

106 2116 332 2194 συλλεγομένων)
346 2114 478 2197 α’ργόριον
496 2117 681 2196 ἐπεκηρύχθη·
702 2115 792 2196 χρόνῳ
810 2116 840 2174 δὲ
858 2115 911 2176 ὕσ-

105 2226 195 2277 τερον,
224 2203 347 2277 κατῆλθε
372 2202 427 2284 γάρ
456 2209 483 2268 ἒς
508 2204 679 2282 Ἀντικύρην,
704 2203 825 2264 άπέθανε
851 2202 909 2263 ύπό

105 2285 263 2364 Ἀθηνάδεω
281 2288 380 2367 ἀνδρός
397 2292 555 2371 Τρηχινίου·
577 2292 593 2351 6
612 2293 641 2352 δὲ
657 2290 811 2368 Ἀθηνάδης
829 2288 912 2355 οὗτος

106 2372 249 2435 ἀπέκτεινε
269 2379 320 2452 μὲν
337 2377 491 2438 Ἐπιάλτεα
510 2379 543 2439 δι’
560 2378 653 2456 ἅλλην
670 2381 769 2455 αἰτίην,
785 2376 836 2453 τήν
855 2379 911 2458 ε’γώ

57 2512 63 2539 a
106 2467 136 2523 ἔν
155 2466 231 2524 τοῖσι
251 2462 353 2525 όπισθε
374 2465 489 2547 λόγοισι
509 2469 649 2545 σημανέω·
674 2466 792 2546 ἐτιμήθη
812 2466 910 2543 μέντοι
979 2499 987 2511 ·

57 2556 61 2564 ’
105 2550 160 2612 ύπό
183 2553 408 2631 Λακεδαιμονίων
431 2553 510 2615 οὔδὲν
533 2553 637 2630 ἧσσον.
677 2554 832 2631 Ἐπιάλτης
857 2554 910 2630 μὲν

107 2638 177 2698 οὕτω
190 2667 308 2719 υστερον
320 2640 425 2702 τούτων
438 2641 569 2703 α’πέθανε.

57 2726 117 2784 214
142 2725 228 2786 ’Ἐστι
249 2729 309 2787 &⁹
296 2751 388 2806 ετερος
405 2729 558 2837 λεγόμενος
576 2727 726 2840 λόγος,ὦς
690 2727 859 2801 ως’ονη’της
876 2754 910 2787 τε

106 2840 122 2872 ο
115 2812 338 2896 Φαναγόρεω
319 2842 390 2927 ανηρ
404 2815 565 2893 Καρύστιος
582 2841 629 2875 και
618 2811 833 2891 Κορυδαλλός
845 2811 908 2873 ’-Αν

106 2927 229 2979 τικυρευς
243 2905 298 2963 εἶσὶ
315 2907 341 2963 οἶ
355 2904 479 2965 εἴπαντες
492 2903 563 2980 πρός
574 2902 703 2978 βασιλέα
715 2898 830 2962 τούτους
842 2926 909 2964 τους

92 2988 207 3072 λόγους,
220 2994 269 3055 καὶ
283 2988 530 3077 περιηγησάμενοι
541 2990 575 3054 τὸ
587 3017 669 3071 ουρος
677 2987 915 3064 τοῖσιΠέροηοι,

76 3077 255 3158 θῢθαμως’
237 3112 304 3165 εμοι
327 3111 366 3170 γε
384 3081 505 3152 πιστός·
527 3109 618 3147 τουτο
639 3084 688 3161 μὶν
707 3077 766 3162 γδρ
783 3075 856 3152 τωδὶ
873 3076 934 3146 ff]

57 3169 382 3270 σταθμώσασθαι,
364 3204 413 3243 οτι
444 3178 476 3241 οἱ
502 3178 567 3242 τῶν
586 3170 749 3250 Ἐλλήνων
770 3154 955 3246 Πυλαγουω

45 3250 306 3338 wtmpvfay’
267 3297 326 3334 ουκ
341 3272 395 3336 έπὶ
409 3269 537 3356 Ὀνήτη
551 3295 588 3334 τε
608 3292 663 3329 και
645 3250 870 3338 Kopxssoffl
883 3240 973 3310 “W
