2024 3450
80 107 187 171 70-73]
383 109 570 160 ΚΑΛΛῙΟΠΗ.
831 111 879 159 315

78 189 129 263 μὲν
143 185 232 245 οὐδενὶ
249 186 303 264 ἐχω
320 185 569 266 ἀποσημήνασθαι,
584 189 714 267 (ἅπαντες
730 190 785 272 γάρ
802 188 880 250 οὗτοι

77 273 142 337 τούς
156 271 215 332 κατ’
229 270 346 336 έωυτοός
356 274 470 354 ἐνίκων,)
481 275 524 336 ὅτι
534 274 563 334 δὲ
575 278 644 336 κατά
653 277 686 336 τό
699 277 880 357 ἰσχυρότερον

77 362 330 440 προσενείχθησαν,
345 361 390 420 καὶ
400 362 504 422 τούτων
515 362 680 439 ἐκράτησαν.
709 366 754 422 καὶ
765 365 879 442 ἄριστος

78 451 187 529 ἐγένετο
203 454 300 528 μακρῷ
318 448 522 526 Ἀριστόδημος
541 450 611 509 κατά
624 450 736 530 γνώμας
748 451 799 515 τοὶς
812 453 878 530 ήμε-
953 509 954 512 ,

76 538 166 614 τέρας·
193 537 224 599 ὃς
244 542 274 595 ἐκ
295 538 500 614 Θερμοπυλέων
519 541 622 613 μοῦνος
637 541 692 596 τῶν
711 541 877 615 τριηκοσίων

77 626 185 698 σωθεὶς,
212 623 270 703 εἶχε
296 623 400 688 ὄνειδος
423 624 469 683 καὶ
490 623 611 701 ἀτιμίην·
637 623 708 700 μετά
730 624 759 682 δὲ
778 628 879 688 τοῦτον

76 711 249 788 η’ρίστευσαν
259 711 448 774 Ποσειδώνιός
459 737 491 771 τε
506 712 551 770 καὶ
561 711 704 770 Φιλοκύων
715 712 761 770 καὶ
773 711 879 790 Ἀμομ-

78 796 198 875 φάρετος
212 796 228 858 ό
242 798 428 876 Σπαρτιήτης·
451 799 549 869 καίτοι,
562 800 711 879 γενομένης
727 799 835 878 λέσχης
848 799 879 865 ὃς

76 886 185 965 γένοιτο
208 885 297 945 αὐτῶν
319 886 441 964 ἄριστος,
465 889 589 968 ἔγνωσαν
611 889 637 946 οἱ
659 886 879 967 παραγενόμενοι

77 975 280 1051 Σπαρτιητέων,
291 973 497 1053 Ἀριστόδημον
504 978 556 1053 μὲν
566 974 742 1053 βουλόμενον
753 980 879 1052 φανερῶς

76 1059 226 1143 ἀποθανεῖν
246 1068 275 1122 ἐκ
293 1068 344 1140 τῆς
357 1064 516 1142 παρεούσης
530 1068 557 1124 οἶ
571 1066 667 1140 αἰτίης,
681 1064 834 1125 λυσσῶντά
846 1090 877 1125 τε

76 1150 121 1208 καὶ
139 1150 290 1212 ἐκλιπόντα
306 1152 358 1228 τήν
374 1152 452 1222 τάξιν
470 1154 537 1235 ἔργα
550 1152 741 1222 ἀποδέξασθαι
753 1153 875 1233 μεγάλα·

76 1238 264 1300 Ποσειδώνιον
280 1239 365 1310 δὲ,ού
382 1241 560 1318 βουλόμενον
579 1239 775 1314 ἀποθνήσκειν,
790 1238 876 1316 ἄνδρα

74 1327 206 1404 γενέσθαι
233 1327 349 1408 όγαθόν·
383 1329 510 1406 τοσούτῳ
537 1333 636 1388 τοῦτον
663 1327 732 1386 εἶναι
765 1326 876 1402 άμείνω.

75 1411 152 1470 α’λλοὶ
164 1419 253 1473 ταῦτα
266 1417 317 1490 μὲν
332 1416 378 1473 καὶ
392 1414 487 1493 φθόνῳ
501 1413 535 1474 ἂν
549 1416 660 1473 εἴποιεν·
682 1411 758 1472 οὗτοι
771 1413 802 1471 δὲ
813 1413 877 1478 τούς
956 1490 958 1494 ¹

76 1499 210 1567 κατέλεξα
224 1500 331 1570 πάντες,
343 1500 419 1577 πλήν
432 1499 646 1578 Ἀριστοδήμου,
656 1504 711 1560 τῶν
723 1498 875 1560 α’ποθανόν-

74 1611 128 1643 των
142 1590 171 1644 ἐν
183 1586 270 1665 ταύτῃ
283 1590 319 1666 τῇ
333 1586 411 1666 μάχη
424 1588 511 1664 τίμιοι
522 1589 658 1668 ἐγένοντο·
671 1586 876 1664 Ἀριστόδημος

75 1671 113 1742 δὲ,
139 1673 327 1750 βουλόμενος
349 1675 498 1736 ἀποθανεῖν
525 1674 569 1734 διά
595 1674 648 1750 τήν
673 1674 875 1751 προειρημένην

74 1760 172 1837 αἰτίην,
188 1760 236 1820 οόκ
248 1761 375 1839 ἐτιμήθη.
886 1815 889 1819 -

73 1863 80 1871 '
116 1847 202 1909 Οὗτοι
219 1851 271 1925 μὲν
289 1854 343 1924 τῶν
357 1855 385 1909 ἐν
399 1854 565 1929 Πλαταιῇσι
583 1849 805 1928 ὀνομαστότατοι
818 1852 901 1933 ἐγέ-7

74 1963 164 1997 νοντο·
194 1936 395 2013 Καλλικράτης
415 1936 469 2019 γάρ
491 1938 540 2007 ἔξω
563 1943 614 2013 τῆς
632 1938 725 2016 μάχης
746 1939 874 2009 α’πέθανε,

74 2025 163 2085 ἐλθολν
181 2023 250 2102 άνήρ
269 2025 423 2089 κάλλιστος
442 2030 469 2088 ἐς
486 2026 518 2084 τό
538 2024 728 2101 στρατόπεδον
744 2031 798 2084 τῶν
810 2025 875 2085 τότε

72 2111 226 2189 Ἑλλήνων,
242 2113 274 2172 ού
292 2112 378 2189 μόνον
399 2111 487 2172 αὐτῶν
501 2112 726 2189 Λακεδαιμονίων
738 2111 815 2170 ἀλλά
828 2114 875 2172 καὶ

72 2205 127 2261 τῶν
140 2200 237 2262 ἄλλων
254 2200 408 2276 Ἑλλήνων·
429 2200 468 2270 ὃς,
485 2201 579 2277 ἐπειδή
594 2200 781 2281 ἐσφαγιάζετο
796 2206 878 2258 Παυ-

73 2290 179 2366 σανίης,
191 2288 343 2367 κατήμενος
355 2294 384 2349 ἐν
396 2292 432 2368 τῇ
445 2289 508 2358 τάξι
521 2288 715 2366 ἐτρωματίσθη
727 2287 881 2365 τοξεύματι

73 2376 107 2435 τά
125 2377 244 2455 πλευρά·
272 2378 318 2436 καλ
337 2377 370 2453 δή
385 2381 411 2436 οἱ
428 2379 480 2454 μὲν
498 2376 645 2456 ἐμάχοντο,
660 2375 676 2436 ό
696 2375 719 2435 δ’
737 2376 874 2457 ἐξενηνεγ-

72 2465 154 2539 μένος
172 2464 239 2524 ἐδυσ
258 2465 356 2525 ανάτεέ
375 2492 406 2524 τε
425 2466 470 2524 καὶ
493 2466 571 2545 ἔλεγε
591 2465 660 2542 πρός
677 2464 872 2542 Ἀρίμνηστον,

72 2550 159 2629 ἄνδρα
171 2554 327 2622 Πλαταιέα,
342 2551 373 2611 ού
387 2553 483 2628 μέλειν
498 2557 523 2611 οἶ
537 2552 580 2611 ὅτι
596 2554 651 2628 πρό
668 2557 718 2627 τῆς
735 2552 874 2615 Ἑλλάδος
910 2556 914 2563 ’

73 2638 253 2717 ἀποθνήσκει,
267 2638 332 2699 ἀλλ’
347 2639 390 2699 ὅτι
404 2639 452 2698 οὐκ
473 2639 614 2717 ἐχρήσατο
631 2644 666 2718 τῇ
684 2642 754 2718 χερὶ,
770 2640 815 2698 καὶ
831 2639 874 2698 ότι

73 2726 151 2788 οὐδέν
164 2729 229 2788 ἐστί
240 2731 267 2788 οἶ
280 2727 498 2808 ἀποδεδεγμένον
509 2728 589 2807 ἔργον
599 2731 698 2787 ἑωυτοῦ
712 2727 798 2798 ἄξιον,
807 2752 874 2804 προ-

72 2813 242 2893 θυμευμένου
256 2814 457 2885 ἀποδέξασθαι.

111 2900 265 2979 Ἀθηναίων
273 2903 302 2962 δὲ
310 2905 421 2984 λέγεται
430 2903 610 2982 εὐδοκιμήσοι
619 2903 754 2980 Σωφάνης
762 2900 778 2961 ό
786 2899 872 2960 Εὔτυ-
882 2899 920 2990 73

71 2987 163 3067 χίδεω,
181 2994 212 3048 ἐκ
232 2988 321 3068 δήμου
341 2992 521 3067 Δεκελεῆθεν,
536 2991 678 3051 Δεκελέων
692 2990 722 3047 δὲ
734 2991 790 3046 τῶν
804 2989 874 3047 ποτὲ

72 3078 270 3157 ἐργασομένων
289 3079 369 3159 ἔργον
384 3077 527 3157 χρήσιμον
545 3084 573 3142 ἐς
590 3078 639 3138 τόν
655 3075 746 3135 πάντα
764 3076 881 3161 χρόνου,
939 3142 942 3147 ¹

71 3162 108 3226 ὦς
129 3163 209 3224 ου’τοέ
230 3165 375 3244 Ἀθηναῖοι
397 3168 529 3250 λέγουσι·
555 3166 592 3230 όις
611 3163 671 3245 ηᾶρ
687 3161 731 3235 δὴ
748 3159 786 3216 τὶ)
804 3157 907 3250 πολιαὶ

60 3251 133 3307 κατά
151 3251 270 3330 Ἑλένης
286 3257 415 3334 κομιδήν
433 3253 619 3332 Τυνδαρίδαι
640 3248 799 3323 ἐσέβαλον
817 3244 854 3295 ἐς
872 3251 933 3304 W
