2024 3450
96 115 237 180 120-123]
400 113 587 163 ΠΟΛΤΜΝΙᾸ.
809 152 819 169 ,
850 112 895 164 167

96 197 148 256 θου
162 194 213 255 ὦδε
226 193 421 276 τεταγμένοςὸ
434 194 556 269 στρατός
569 197 600 252 ε’κ
614 192 757 270 Δορίσκου
769 191 821 269 τήν
831 190 896 251 ὁδόν

97 285 229 344 ἐποιέετο·
250 288 323 362 τρεῖς
344 283 444 360 μοίρας
462 280 478 341 ό
499 281 605 357 Ξέρξης
628 281 785 358 δασάμενος
804 278 897 341 πάντα

96 372 146 432 τόν
159 372 243 443 πεζόν
257 371 387 448 στρατδν,
401 370 468 446 μίαν
481 367 584 427 αὐτέων
597 369 676 437 ἔταξε
692 369 769 445 παροὶ
789 367 897 429 θάλασ-

98 485 153 519 σαν
172 461 240 519 ἰέναι
254 459 325 536 ὁμοῦ
339 463 377 536 τῷ
389 459 515 534 ναυτικῷ·
536 454 637 531 ταύτης
651 455 749 531 μὲνδὴ
764 454 898 532 ἐστρατή-

98 573 163 626 γεον
177 545 335 622 Μαρδόνιός
348 571 379 606 τε
393 545 440 603 καὶ
453 543 616 618 Μασίστης·
632 542 710 618 ἑτέρη
724 542 754 626 δὲ
768 543 898 622 τεταγμέ-

99 660 132 710 νη
150 633 193 708 ἤϊε
208 637 259 692 τοῦ
279 635 403 710 στρατοῦ
422 630 584 708 τριτημορὶς
598 628 651 705 τήν
670 627 835 708 μεσόγαιαν,
849 631 899 702 τῆς

100 720 288 798 ἐστρατήγεον
311 718 532 796 Τριτανταίχμης
558 742 589 776 τε
617 717 663 775 καὶ
686 716 794 795 Γέργις·
821 714 840 790 ἦ
867 714 897 774 δδ

99 806 179 881 τρίτη
199 810 254 864 τῶν
273 807 398 883 μοιρέων,
411 805 471 882 μετ’
485 803 519 880 ἧς
534 802 680 882 ε’πορεάετο
700 801 783 866 αὐτός
802 802 898 879 όΞέρ-

101 893 157 966 ξης,
170 891 214 967 ἦῖε
233 895 286 969 μὲν
304 893 337 954 τὸ
357 895 447 969 μέσον
464 892 575 962 αὐτέων,
589 889 765 973 στρατηγούς
780 890 810 950 δὲ
830 916 899 968 παρ·

102 980 191 1058 είχετο
205 980 398 1059 Σμερδομένεά
416 1007 448 1041 τε
468 981 515 1040 καὶ
528 980 709 1062 Μεγάβυζον.

140 1067 174 1126 Ὀ
187 1069 240 1146 μέν
253 1095 302 1130 νυν
314 1069 441 1133 ναυτικάς
453 1095 575 1146 στρατος
585 1095 621 1132 ως
633 1068 734 1144 απειθη
747 1065 803 1128 ὖπδ
811 1067 878 1145 Ξέρ·
889 1068 946 1127 122

101 1155 160 1226 ξεω,
182 1156 228 1216 καὶ
250 1157 419 1228 διεξέπλωσε
439 1158 491 1233 τήν
511 1157 632 1236 διώρυχα
648 1156 700 1233 τήν
722 1160 751 1216 ἐν
768 1159 806 1234 τῷ
821 1154 899 1234 Ἀθῳ

102 1247 251 1324 γενομένην
269 1245 418 1326 διέχουσαν
436 1246 466 1304 δὲ
484 1251 511 1308 ε’ς
530 1245 638 1304 κόλπον
656 1249 685 1303 ἐν
704 1247 744 1321 τῷ
756 1241 857 1302 ’Ἄσσα
870 1267 901 1302 τε

103 1333 183 1397 πόλις
202 1334 247 1392 καὶ
262 1335 392 1411 Πίλωρος
413 1334 458 1392 καὶ
472 1333 576 1412 Σίγγος
590 1332 636 1390 καὶ
650 1332 745 1407 Σάρτη
766 1330 913 1405 οἶκηνται··

103 1421 234 1492 ἐνθεῦτεν,
249 1419 284 1482 ὦς
306 1423 351 1478 καὶ
373 1426 403 1478 ἐκ
424 1420 542 1478 τουτέων
563 1423 618 1478 τῶν
638 1418 744 1476 πολίων
765 1416 900 1492 στρατιὴν

102 1508 258 1582 παρέλαβε,
273 1508 355 1565 ἔπλεε
368 1507 514 1582 ἀπιέμενος
528 1510 555 1566 ἐς
567 1505 617 1565 τόν
630 1507 770 1582 Θερμαῖον
784 1503 899 1573 κόλπον,

103 1592 235 1669 κάμπτων
250 1592 280 1650 δὲ
294 1592 442 1668 ’Ἄμπελον
462 1592 514 1666 τήν
527 1593 685 1668 Τορωναίην
705 1589 799 1667 άκρην,
813 1616 901 1667 παρα·

103 1681 219 1756 μείβετο
231 1678 399 1754 Ἑλληνίδας
417 1679 505 1739 τάσδε
525 1678 608 1741 πόλις
622 1684 652 1738 έκ
664 1682 720 1738 τῶν
738 1678 800 1741 νέας
812 1703 843 1737 τε
857 1678 902 1737 καὶ

104 1766 240 1844 στρατιὴν
255 1767 468 1844 παρελάμβανε·
489 1766 625 1843 Τορώνην,
640 1765 783 1845 Γαληψδν,
798 1765 902 1843 Σερμύ-

104 1861 166 1931 λην,
181 1853 379 1931 Μηκύβερναν,
392 1854 544 1915 Ὀλυνθον·
565 1854 649 1932 ἦμέν
668 1880 716 1915 νυν
735 1854 812 1933 χώρη
834 1853 903 1930 αὕτη

106 1944 224 2018 Σιθωνίη
242 1940 380 2004 καλέεται.
421 1942 456 2002 ‘0
470 1943 499 2002 δὲ
513 1942 639 2006 ναυτικὰς
651 1942 772 2018 στρατός
785 1941 801 2002 ὁ
815 1943 882 2018 Ξέρ-
892 1943 948 2016 12³

105 2031 164 2101 ξεω,
193 2031 356 2108 συντάμνων
383 2030 431 2090 ἀπ’
454 2029 599 2106 Ἀμπέλου
625 2031 712 2106 α”κρης
739 2028 784 2088 ε’πὶ
808 2029 901 2089 Κανά-

105 2145 222 2196 στραιον
239 2119 334 2197 ἄκρην,
350 2118 384 2180 τό
403 2118 437 2195 δη
456 2118 551 2194 πάσης
570 2121 621 2193 τῆς
636 2116 792 2193 Παλλήνης
811 2116 905 2195 α’νέχει

105 2207 241 2284 μάλιστα,
263 2208 387 2268 ἐνθεῦτεν
408 2207 471 2270 νέας
490 2232 522 2266 τε
541 2207 587 2265 καὶ
605 2205 740 2283 στρατιήν
761 2204 905 2283 παρελάμ-

29 2361 31 2365 ,
105 2296 177 2371 βανε
196 2301 226 2355 ε’κ
247 2295 406 2371 Ποτιδαίης,
424 2294 471 2354 καὶ
482 2293 624 2371 Ἀφύτιος,
640 2294 686 2354 καὶ
699 2294 774 2368 Νέης
787 2291 905 2363 Πόλιος,

107 2384 153 2441 καὶ
173 2387 269 2464 Αἰγῆς,
286 2385 332 2442 καὶ
344 2383 494 2460 Θεράμβω,
509 2382 555 2442 καὶ
569 2382 700 2458 Σκιώνης,
719 2381 765 2440 καὶ
786 2380 906 2457 Μένδης,

108 2471 154 2528 καὶ
175 2471 274 2547 Σάνης·
301 2469 382 2531 αὗται
402 2471 457 2553 γάρ
481 2475 537 2530 εἰσι
558 2473 587 2531 αἱ
607 2470 659 2545 την
680 2474 727 2530 νῦν
748 2469 907 2545 Παλλήνην

108 2557 243 2635 πρότερον
255 2559 285 2618 δὲ
298 2560 427 2640 Φλέγρην
439 2558 611 2636 καλεομένην
624 2557 781 2635 νεμόμεναι.
817 2583 906 2635 παρα-

108 2645 202 2705 πλέων
223 2645 253 2705 δὲ
274 2647 320 2705 καὶ
337 2648 441 2722 ταύτην
456 2646 509 2722 τήν
525 2644 620 2726 χώρην
640 2648 722 2706 ἔπλεε
743 2650 770 2709 ἐς
787 2645 820 2705 τό
837 2670 905 2723 προ-

109 2734 260 2812 ειρημένον,
290 2734 521 2811 παραλαμβάνων
551 2733 686 2811 στρατιὴν
718 2735 764 2793 καὶ
794 2738 824 2792 ε’κ
852 2736 908 2792 τῶν

108 2820 270 2901 προσεχέων
291 2822 397 2882 πολίων
417 2825 452 2900 τῇ
475 2821 625 2901 Παλλήνῃ,
647 2821 855 2899 ὁμουρεουσέων
876 2819 907 2879 δὲ

108 2915 147 2990 τῷ
159 2911 287 2990 Θερμαίῳ
308 2911 412 2990 κόλπῳ,
432 2913 501 2988 τῇσι
519 2909 660 2987 ου’νόματά
680 2915 742 2968 ε’στι
762 2908 837 2967 τάδε·
858 2908 908 2965 Λί-

109 3000 205 3069 παξος,
226 2999 391 3077 Κώμβρεια,
410 2998 511 3069 λίσαι,
524 2992 943 3082 Τίγωνοςλίίιμλιαςῖλέῆἧ

104 3086 210 3145 Αἴνεια·
237 3086 258 3163 η’
280 3087 310 3148 δὲ
330 3089 456 3149 τουτέων
479 3087 565 3169 χώρη
586 3079 764 3162 Kpoouu'm
781 3073 835 3172 ²¹}
858 3079 972 3155 “uf

95 3171 161 3230 τόδε
182 3177 327 3240 καλέεται.
377 3178 442 3241 ἀπὸ
465 3177 500 3239 δὲ
527 3174 662 3249 Αἰνείης,
685 3171 717 3228 ’ἱῖ
740 3158 798 3229 ’ΥΤ
826 3148 1002 3265 ΤΣῘὛΣ,

84 3262 262 3346 Καΐαδέγων
279 3268 336 3336 τοὶς
358 3267 470 3342 πόλις,
483 3265 554 3329 ἀπὸ
575 3259 703 3333 ‘ro-&⁹115
721 3246 793 3324 ἧῖγῆ
811 3243 851 3294 ἒς
869 3239 952 3281 <mo
