2024 3450
208 115 239 160 σο
517 111 699 170 summor
949 108 1010 172 [νι.

206 190 286 258 κακοὶ,
300 190 412 268 χιλίῃσι
426 188 580 266 δραχμῇσι·
594 188 640 246 καὶ
652 187 786 255 ἐπέταξαν
796 187 895 264 μηκέτι
905 189 1003 263 μηδέν·

205 277 332 354 χρᾶσθαι
345 275 432 353 τούτῳ
446 280 483 352 τῷ
497 275 621 352 δράματι.
856 334 866 345 ..

158 365 196 421 22
248 363 377 437 Μίλητος
391 363 442 437 μέν
456 387 504 421 νυν
518 363 669 437 Μιλησίων
680 360 818 438 ’ἐρήμωτα
855 362 968 437 Σαμίων
982 363 1009 423 δ’

205 450 285 508 τοῖσί
308 476 337 509 τι
366 450 462 528 ἔχουσι
485 448 518 509 τό
542 451 594 526 μὲν
618 453 644 510 ἐς
667 448 730 509 τούς
760 446 875 521 Μήδους
900 453 930 506 ἐκ
957 454 1010 509 τῶν

205 540 370 618 στρατηγῶν
389 541 443 597 τῶν
461 538 606 614 σφετέρων
624 535 740 609 ποιηθὲν
757 533 882 610 οὐδαμῶς
895 533 1008 611 ἤρεσκε.

204 623 295 683 ἐδόκεε
305 625 334 682 δὲ
344 623 415 699 μετῶ
425 623 478 699 την
488 623 644 701 ναυμαχίην
655 620 760 680 αὐτίκα
764 623 1010 698 βουλευομένοισι,

205 709 309 788 πρὶνῆ
329 718 384 786 σφι
407 717 434 774 ἐς
454 710 506 784 τήν
526 710 620 789 χώρην
636 709 787 767 ἀπικέσθαι
803 707 857 789 ιτόν
875 708 1010 784 τύραννον

203 786 308 856 Αἰάκεα
323 803 350 860 ἐς
363 797 493 870 α’ποικίην
504 798 638 865 ἐκπλέειν,
652 795 723 872 μηδὲ
735 795 868 871 μένοντας
882 796 1011 870 Μήδοισί

203 911 233 942 τε
262 885 307 942 καὶ
330 882 427 941 Αἰάκεϊ
448 881 599 941 δουλεύειν.
643 886 796 963 Ζαγκλαῖοι
819 881 875 962 γῶρ
901 887 927 942 οἱ
952 884 1008 944 οἷπδ

204 971 334 1045 Σικελίης
346 969 395 1028 τόν
410 969 494 1028 αὐτόν
507 968 611 1047 χρόνον
626 974 727 1030 τοῦτον
746 971 902 1045 πέμποντες
916 976 943 1033 ἐς
957 972 1008 1047 την

203 1055 308 1130 Ἰωνίην
323 1054 460 1135 ἀγγέλους
478 1059 662 1116 ἐπεκαλέοντο
679 1055 745 1118 τούς
753 1056 850 1119 Ἴωνας
864 1063 891 1118 ἐς
905 1059 1007 1134 Καλὴν

201 1141 312 1218 Ἀκτὴν,
327 1142 500 1218 βουλόμενοι
518 1141 616 1201 αὐτόθι
629 1143 714 1202 πόλιν
731 1145 825 1202 κτίσαι
838 1143 946 1205 Ἰώνων.
988 1146 1006 1221 η“

204 1229 233 1288 δὲ
254 1229 340 1304 Καλὴ
352 1228 435 1304 ἀὕτη
448 1228 534 1304 ’Λκτή
551 1231 707 1305 καλεομένη
725 1230 786 1288 ἐστι
803 1233 855 1306 μὲν
873 1232 1005 1302 Σικελῶν,

201 1315 270 1393 πρδς
284 1317 313 1377 δὲ
326 1318 483 1392 Τυρσηνίην
492 1317 666 1393 τετραμμένη
677 1321 727 1392 τῆς
738 1318 875 1392 Σικελίης.
903 1319 1006 1379 τούτων

201 1403 238 1464 ῶν
252 1405 480 1481 ἐπικαλεομένων,
495 1409 522 1464 οἱ
539 1405 642 1480 Σάμιοι
657 1407 756 1480 μοῦνοι
770 1404 868 1464 Ἰώνων
885 1405 1004 1482 ἐστάλη-

154 1495 191 1550 23
202 1519 257 1552 σαν
271 1493 324 1562 σύν
341 1491 373 1551 δέ
390 1499 447 1568 σφι
462 1493 614 1569 Μιλησίων
628 1495 654 1551 οἱ
669 1491 879 1571 ἐκπεφευγότες.
920 1493 969 1553 Ἐν
984 1492 1005 1572 ᾧ

199 1580 305 1640 τοιόνδε
321 1582 396 1656 δήτι
409 1581 552 1656 συνήνεικε
570 1579 712 1660 γενέσθαι·
735 1577 837 1656 Σάμιοι
852 1579 907 1658 γὰρ
927 1607 1003 1656 κομι-

201 1666 311 1743 ζόμενοι
338 1674 365 1731 ἐς
392 1669 523 1749 Σικελίην
549 1668 672 1748 ἐγίνοντο
706 1671 735 1725 ἐν
761 1671 899 1742 Λοκροῖσι
925 1672 1003 1727 τοῖσι

198 1753 431 1832 Ἐπιζεφυρίοισι,
446 1757 491 1813 καὶ
508 1760 663 1836 Ζαγκλαῖοι
678 1753 760 1813 αύτοί
775 1780 805 1812 τε
827 1755 872 1811 καὶ
886 1753 903 1812 ό
915 1757 1000 1830 βασι-

199 1841 263 1901 λεύς
287 1842 384 1921 αὐτῶν,
410 1846 448 1917 τῷ
469 1841 574 1917 οὕνομα
598 1841 633 1916 ἦν
661 1839 778 1916 Σκύθης,
805 1841 1001 1916 περιεκατέατο

198 1924 283 1983 πόλιν
303 1929 358 1984 τῶν
380 1928 502 1988 Σικελῶν
524 1929 627 1995 ἐξελεῖν
645 1927 827 2003 βουλόμενοι·
854 1928 950 2004 μαθῶν
971 1928 1000 1986 δὲ

197 2015 285 2070 ταῦτα
299 2011 315 2071 ό
328 2012 441 2093 Ῥηγίου
458 2012 589 2089 τύραννος
605 2013 779 2089 Ἀναξίλεως,
793 2014 857 2074 τότε
875 2014 924 2091 ε’ῶν
944 2015 1000 2074 διό·

202 2105 290 2177 φορος
303 2105 379 2160 τοῖσι
394 2100 588 2179 Ζαγκλαίοισι,
608 2101 749 2177 συμμίξας
769 2105 845 2160 τοῖσι
866 2102 1000 2176 Σαμίοισι

198 2186 339 2247 ἀναπείθει
361 2187 396 2249 ῶς
416 2186 500 2264 χρεόν
522 2186 564 2260 εἴη
585 2187 687 2260 Καλὴν
707 2190 758 2262 μὲν
778 2187 881 2262 Ἀκτήν
903 2188 944 2246 ἐπ’
964 2189 999 2264 ἣν

197 2274 298 2332 ἔπλεον
319 2279 366 2332 ἐᾶν
386 2273 501 2350 χαίρειν,
519 2273 570 2348 την
591 2274 620 2331 δὲ
641 2272 771 2354 Ζάγκλην
793 2280 874 2352 σχεῖν
896 2279 999 2334 ἐοῦσαν

197 2364 301 2435 ἐρῆμον
328 2360 442 2434 ἀνδρῶν·
477 2360 702 2438 πειθομένων.δέ
729 2365 783 2421 τῶν
812 2363 923 2439 Σαμίων
951 2364 998 2421 καὶ

196 2445 322 2524 σχόντων
348 2446 400 2521 την
425 2447 709 2527 Ζόγκλην,ἐνθαΰτα
731 2451 758 2507 οἱ
785 2451 948 2528 Ζαγκλαῖοι,
962 2448 998 2512 ῶς

197 2533 330 2592 ἐπύθοντο
345 2534 479 2611 ἐχομένην
491 2535 543 2610 την
554 2535 638 2594 πόλιν
649 2539 762 2613 ἑωυτῶν,
775 2534 912 2610 ἐβοήθεον
926 2535 997 2614 αὐτῇ

196 2621 242 2678 καὶ
262 2623 443 2681 ἐπεκαλέοντο
463 2622 648 2700 Ἱπποκράτεα
670 2621 720 2702 τόν
737 2624 827 2698 Γέλης
848 2621 993 2699 τύραννον·

195 2707 229 2783 ἦν
246 2708 300 2788 γὰρ
320 2709 356 2788 δή
377 2717 432 2786 σφι
448 2709 528 2775 οὗτος
542 2710 701 2789 σύμμαχος·
724 2711 786 2769 ἐπεί
796 2710 870 2790 τειδὲ
884 2706 1002 2770 αὐτοῖσί

196 2797 241 2853 καὶ
262 2794 277 2854 ό
298 2795 482 2874 Ἱπποκράτης
506 2799 559 2858 σύν
581 2801 618 2876 τῇ
640 2800 759 2875 στρατιῇ
782 2795 832 2872 ἧκε
856 2799 994 2872 βοηθέων,

195 2882 304 2958 Σκύθην
321 2885 373 2959 μὲν
390 2883 440 2943 τόν
459 2885 618 2963 μούναρχον
633 2889 688 2944 τῶν
702 2883 865 2964 Ζαγκλαίων
882 2883 998 2963 οἰποβα·Ι

194 2959 280 3030 λόντα
301 2972 352 3046 την
374 2970 458 3031 πόλιν
479 2970 495 3031 ό
517 2973 701 3048 Ἱπποκράτης
722 2971 855 3046 πεδήσας,
877 2971 923 3028 καὶ
944 2970 994 3030 τόν

185 3058 330 3134 α’θελφεῶν
350 3059 437 3120 αὑτοῦ
459 3061 631 3141 Πυθογένεα,
655 3065 681 3122 ἐς
694 3059 805 3119 Ἴνυκον
825 3057 992 3137 πόλιν-ἀπέ-

168 3154 278 3220 πεμψε·
299 3148 368 3212 τούς
388 3149 422 3209 δὲ
441 3149 565 3214 λοιπούς
589 3151 752 3232 Ζαγκλαίου
800 3144 1001 3221 κοινολογηοα-

143 3247 241 3291 μῖνος
261 3239 344 3295 τοῖσι
358 3241 510 3318 Σαμίοισι
524 3241 577 3301 καὶ
593 3240 696 3318 ὅρκους
711 3235 779 3297 δούς
795 3226 1011 3299 κᾶιῧεξᾶθῑνῦἳ
