2024 3450
91 109 198 170 92-97]
443 106 556 157 ατιαα.
860 106 890 153 ατ

89 189 144 267 γῆν
155 211 186 246 τε
199 185 246 245 καὶ
258 183 341 264 ὕδωρ.
382 185 543 262 Μαρδόνιον
560 187 612 262 μὲν
625 185 660 262 δη
674 184 807 262 φλαύρως
819 182 889 261 πρή-

90 273 175 343 ξαντα
193 277 232 353 τῷ
252 273 347 353 στόλῳ
360 272 499 351 παραλύει
518 275 569 347 τῆς
582 274 760 354 στρατηγίης·
781 272 889 337 ἅλλους

90 360 120 420 δὲ
139 361 315 443 στρατηγοδς
328 361 464 430 ἀποδέξας
477 359 627 420 ἀπέστειλε
644 361 691 419 ἐπί
701 385 733 420 τε
745 358 889 438 Ἐρέτριαν

90 449 137 508 καὶ
149 449 278 526 Ἀθήνας,
292 449 382 508 Δᾶτίν
401 473 433 507 τε
447 447 529 508 ἐόντα
541 447 641 522 Μῆδον
660 448 749 528 γένος,
763 447 809 505 καὶ
823 445 888 525 Ἀρ-

88 538 229 613 ταφέρνεα
248 537 298 597 τόν
314 536 519 614 Ἀρταφέρνεος
538 534 625 594 παῖδα
645 533 812 609 ἀδελφιδέον
827 539 889 594 έωυ·

88 628 147 682 τοῦ·
172 624 362 701 ἐντειλάμενος
383 623 412 682 δὲ
434 622 581 700 ἀπέπεμπε
602 619 889 697 ἐξανδραποδίσαντας

88 709 209 786 Ἀθήνας
229 712 275 771 καὶ
295 710 446 787 Ἐρέτριαν,
460 710 538 791 ἅγειν
554 713 642 789 ἐαυτῷ
663 713 690 772 ἐς
709 707 775 783 ὄψιν
790 706 826 767 τά
842 707 887 768 οἶν·

88 798 223 875 δρόποδα.
263 798 313 863 Ὡς
326 798 355 858 δὲ
369 801 395 858 οἱ
409 798 563 880 στρατηγοὶ
576 796 653 859 οὗτοι
674 800 701 857 οἱ
721 794 887 874 ἀποδεχθέν-
897 800 936 857 95

87 910 141 955 τες,
155 884 338 964 πορευόμενοι
353 886 430 964 παραὶ
442 887 582 964 βασιλέος
595 886 729 947 ἀπίκοντο
742 887 792 960 τῆς
806 888 887 943 Κιλι-

88 973 149 1050 κίης
159 978 187 1038 ἐς
199 976 232 1036 τό
245 975 253 995 ’
279 974 362 1052 λη’ἶον
373 976 476 1047 πεδίον,
487 975 547 1055 ἅμα
560 974 692 1056 ἀγόμενοι
706 975 789 1046 πεζόν
802 1000 887 1051 στρα-

86 1061 137 1122 τόν
153 1064 265 1125 πολλόν
280 1090 312 1125 τε
331 1066 378 1124 καὶ
394 1064 423 1125 εὖ
437 1065 652 1142 ἐσκευασμένον,
666 1065 785 1124 ἐνθαῦτα
802 1089 886 1141 στρα-

86 1152 329 1230 τοπεδευομένοισι
342 1154 449 1229 ἐπῆλθε
462 1155 513 1231 μὲν
527 1152 543 1212 ό
556 1151 684 1214 ναυτικός
696 1155 752 1215 παῖς
765 1151 886 1227 στρατός

88 1235 104 1295 ό
117 1241 274 1319 ἐπιταχθεὶς
287 1240 440 1300 ἑκάστοισι·
461 1241 647 1320 παρεγένοντο
660 1239 746 1298 δὲκαὶ
760 1240 887 1296 atim-

86 1326 174 1405 γωγοὶ
188 1329 252 1397 νέες,
265 1328 316 1391 τοὶς
328 1331 367 1405 τῷ
378 1328 503 1405 προτέρῳ
517 1328 570 1385 ἐτεῖ
590 1329 707 1401 προεῖπε
726 1325 804 1384 τοῖσι
824 1327 886 1382 ἐαυ-

87 1417 137 1470 τοῦ
158 1413 369 1490 δασμοφόροισι
383 1417 500 1490 Δαρεῖος
521 1412 684 1488 ἑτοιμάζειν.
726 1412 886 1486 ἐσβαλόμε-

88 1523 130 1555 νοι
144 1498 173 1555 δὲ
185 1499 249 1561 τούς
263 1501 362 1562 ἵππους
376 1505 404 1561 ἐς
416 1498 518 1561 ταύτας
532 1500 577 1556 καὶ
589 1496 640 1557 τόν
660 1500 744 1570 πεζόν
764 1498 886 1574 στρατόν

89 1584 298 1659 ἐσβιβάσαντες
312 1590 339 1648 ἐς
358 1585 409 1648 τὰς
425 1586 499 1661 νέας,
513 1585 614 1644 ἔπλεον
632 1585 796 1663 ἑξακοσίῃσι
811 1585 886 1661 τριή-

87 1695 151 1748 ρεσι
165 1675 192 1734 ἐς
204 1671 256 1749 τήν
267 1671 383 1748 Ἰωνίην.
425 1672 548 1732 ἐνθεῦτεν
562 1672 592 1731 δὲ
610 1669 643 1731 οὐ
655 1671 732 1749 παρά
744 1671 797 1747 τήν
809 1671 886 1748 ἤπει-

86 1784 137 1836 ρον
158 1758 234 1838 εἶχον
245 1759 295 1823 τάς
308 1761 371 1823 νέας
385 1758 428 1819 ἴθι)
441 1763 492 1818 τοῦ
504 1786 535 1820 τε
547 1758 764 1837 Ἑλλησπόντου
777 1761 823 1819 καὶ
836 1765 887 1838 τῆς

87 1847 217 1923 Θρηίκης·
237 1845 303 1906 ἀλλ’
317 1851 348 1906 ἐκ
361 1847 458 1925 Σάμου
478 1847 655 1926 όρμειόμενοι,
668 1847 745 1927 παρά
764 1875 795 1910 τε
815 1847 886 1910 Ἰκά-

85 1961 148 2013 ριον
160 1935 207 1994 καὶ
221 1934 266 1996 διαὶ
279 1934 373 2012 νήσων
385 1935 436 1997 τόν
449 1936 538 1999 πλόον
549 1941 698 2010 ἐποιεῦντο,
710 1937 745 2001 ὦς
757 1939 809 2015 μὲν
823 1939 885 2015 ἐμοὶ

86 2023 181 2098 δοκέει,
197 2023 337 2089 δείσαντες
353 2024 482 2103 μάλιστα
496 2024 547 2087 τόν
559 2024 714 2104 περίπλοον
733 2029 783 2086 τοῦ
796 2024 884 2097 Ἀθω,

86 2111 130 2171 ὅτι
142 2116 180 2192 τῷ
193 2113 318 2192 προτέρῳ
336 2115 391 2174 ἔτεϊ
410 2113 568 2192 ποιεόμενοι
587 2112 675 2192 ταύτῃ
694 2112 747 2189 τόν
767 2113 885 2189 κομιδήν

85 2200 214 2280 μεγάλως
226 2202 449 2277 προσέπταισαν·
470 2201 541 2279 πρός
554 2203 584 2261 δὲ
597 2201 643 2260 καὶ
656 2200 675 2277 ηι
688 2200 783 2271 Νάξος
793 2203 886 2277 σφέας

85 2285 232 2368 η’νάγκαζε,
245 2289 381 2366 πρότερον
399 2288 448 2349 οὐκ
470 2289 592 2370 ἁλοῦσα.
632 2288 712 2350 Ἐπεὶ
733 2289 771 2360 δὲ,
790 2294 820 2349 ἐκ
832 2295 883 2351 τοῦ
894 2293 931 2350 96

84 2371 204 2452 Ἰκαρίου
231 2376 370 2458 πελάγεος
395 2376 623 2454 προσφερόμενοι
648 2378 823 2455 προσέμιξαν
849 2383 885 2458 τῇ

85 2462 179 2541 Νάξῳ,
201 2465 257 2543 (ἐπὶ
278 2464 383 2540 ταύτην
402 2464 458 2545 γάρ
483 2466 517 2541 δὴ
540 2465 652 2542 πρώτην
668 2471 780 2545 ἐπεῖχον
800 2493 885 2544 στρα-

85 2549 215 2608 τεόεσθαι
236 2554 262 2610 οἶ
285 2553 402 2628 Πέρσαι,
422 2554 593 2629 μεμνημένοι
612 2557 668 2614 τῶν
687 2554 845 2634 πρότερον,)
859 2558 885 2614 οἱ

85 2635 189 2706 Νάξιοι
208 2638 278 2715 πρός
290 2637 326 2697 τοὶ
340 2638 423 2715 οὔρεα
439 2641 550 2719 οἴχοντο
565 2639 722 2722 φεύγοντες,
737 2642 801 2702 οὐδὲ
820 2642 888 2702 ὑπέ·

84 2730 190 2802 μεινᾱν·
213 2730 239 2786 οἱ
255 2726 284 2786 δὲ
298 2727 410 2805 Πέρσαι
429 2726 700 2806 ἀνδραποδισάμενοι
720 2730 785 2795 τούς
806 2732 884 2790 κατέ-

85 2815 180 2890 λαβον
198 2814 295 2886 αὐτῶν,
310 2816 467 2894 ἐνέπρησαν
483 2814 580 2876 καὶτὰ
599 2817 644 2893 ἱροὶ
664 2819 709 2877 καὶ
724 2818 776 2894 τὴν
789 2818 883 2878 πόλιν·

85 2905 173 2962 ταῦτα
195 2904 224 2962 δὲ
245 2903 421 2980 ποιήσαντες,
443 2903 489 2963 ἐπὶ
511 2903 562 2968 τάς
585 2902 676 2967 ἄλλος
696 2905 800 2981 νήσους
821 2904 885 2963 ἀνά·

84 3015 178 3069 γοντα.

124 3076 170 3136 Ἐν
191 3076 214 3158 ᾦ
234 3079 265 3140 δὲ
287 3078 367 3144 οὗτοι
388 3087 485 3146 ταῦτα
503 3083 631 3154 ἐποίευν,
653 3083 683 3141 ολ
709 3077 831 3150 Μηλιοι,
846 3066 977 3165 'tm-'Q

70 3163 173 3228 πάντες
191 3169 240 3228 καὶ
261 3171 348 3234 αὐτοὶ
365 3173 426 3253 τὴν
442 3179 565 3254 Δῆλον,
583 3174 709 3252 οἴχοντο
734 3158 909 3253 ῴὶὒἹὛω
927 3165 964 3196 ‘³

62 3252 167 3326 Τῆνον·
197 3262 256 3335 τῆς
282 3261 319 3324 δὲ
351 3269 511 3346 στρατιῆς
541 3251 809 3326 nmmum&
837 3261 857 3293 ⁰
890 3234 996 3286 mm
