2024 3450
100 105 239 170 ιιι-τοι]
401 109 587 156 nomm.
850 111 898 156 τοο

98 185 314 264 Κλεομβρότου,
329 182 421 266 (οὗτος
429 185 485 266 γάρ
494 185 529 261 ἦν
540 185 673 251 νεότατος
680 187 898 264 Ἀναξανδρίδεω

97 275 184 353 ταῖς)
196 275 242 334 καὶ
256 273 348 351 δήκαὶ
362 274 420 351 εἶχε
434 275 610 352 Κλεομένεος
623 275 770 355 θυγατέρα·
788 273 818 336 ὃς
831 272 896 332 τότε

97 362 140 438 ἤϊε
163 369 190 427 ἐς
215 360 409 440 Θερμοπύλας,
432 361 630 438 ἐπιλεξάμενος
656 362 756 440 ἄνδρας
779 388 810 421 τε
833 360 897 424 τούς

97 455 285 514 κατεστειΐντας
298 450 474 528 τριηκοσίους
488 449 534 507 καὶ
546 453 624 508 τοῖσι
637 448 788 530 ἐτύγχανον
801 449 896 512 παῖδες

97 539 195 603 ἐόντες·
216 538 392 617 πιφαλαβιδν
405 537 435 596 δέ
447 536 562 597 ἀπίκετο
581 537 628 595 καὶ
644 537 778 612 Θηβαίων
790 535 855 599 τούς
868 541 896 599 ἐς

95 627 145 687 τόν
171 626 291 704 ἀριθμόν
318 623 507 704 λογισάμενος
533 624 621 694 εἶπον,
647 627 703 683 τῶν
727 622 896 703 ἐστρατήγεε

96 714 264 789 Λεοντιάδης
283 713 299 772 ό
318 711 497 790 Εὐρυμάχου·
523 711 604 771 τοῦδε
624 711 654 770 δέ
674 711 764 770 εἵνεκα
779 709 894 773 τούτους

96 801 223 876 σπουδήν
237 798 390 875 ἐποιήσατο
403 799 541 876 Λεωνίδης
554 798 673 877 μούνους
681 797 827 874 Ἑλλήνων
844 805 910 856 wa?

95 890 244 965 ραλαβεῖν,
257 888 300 949 ὅτι
314 888 411 961 σφέων
428 886 558 968 μεγάλως
575 887 749 968 κατηγόρητο
761 886 895 964 μηδίζειν·

95 976 250 1053 παρεκάλεε
270 976 308 1036 ὦν
328 981 355 1039 ἐς
374 975 424 1036 τόν
446 974 581 1053 πόλεμον,
604 976 693 1035 θέλων
717 975 816 1035 εἰδέναι
840 975 894 1034 εἴτε

95 1064 307 1142 συμπέμψουσι,
327 1065 381 1123 εἶτε
402 1064 448 1122 καὶ
465 1062 617 1141 α’περέουσι
635 1068 666 1122 ἐκ
684 1068 734 1124 τοῦ
754 1064 893 1141 ἐμφανέος

93 1149 145 1226 τήν
170 1151 314 1228 Ἑλλήνων
339 1151 513 1231 συμμαχίην·
545 1155 572 1211 οἱ
598 1151 628 1211 δὲ
654 1149 895 1228 ἀλλοφρονέοντες

93 1238 226 1315 ἐτεμπον.

133 1329 303 1390 Τούτους
268 1353 321 1404 μεν
338 1326 404 1390 τούς
421 1325 497 1403 ἀμφὶ
515 1327 654 1433 Λεωνιδην
667 1326 793 1403 πρώτους
806 1325 870 1384 άπε-
854 1327 940 1385 ’206

93 1424 207 1492 πεμψαν
228 1414 438 1490 Σπαρτιῆται,
425 1440 470 1473 ινα
489 1414 604 1476 τούτους
623 1413 740 1489 ὁρῶντες
760 1439 788 1471 οι
778 1411 898 1471 ’ἄλλοι

93 1501 239 1579 σύμμαχοι
258 1499 470 1577 στρατεύωνται·
495 1501 565 1576 μηδὲ
582 1500 629 1558 καὶ
644 1497 721 1558 οὗτοι
740 1499 891 1575 μηδίσωσι,

93 1587 127 1663 ἢν
143 1586 241 1651 αύτούς
258 1586 448 1671 πυνθάνωνται
465 1586 741 1663 ὑπερβαλλομένους·
768 1586 839 1663 μετὰ
855 1587 893 1657 δέ,

94 1674 217 1752 Κάρνεια
234 1674 289 1755 γάρ
308 1680 365 1750 σφι
384 1673 420 1750 ἦν
436 1674 571 1752 ἐμποδῶν,
589 1675 709 1751 ἔμελλον
722 1673 893 1751 ὁρτάσαντες
978 1716 981 1720 ›

94 1763 141 1820 καὶ
160 1763 290 1836 φυλακάς
309 1761 438 1824 λιπόντες
459 1767 488 1822 ἐν
506 1767 542 1840 τῇ
563 1761 691 1841 Σπάρτῃ,
702 1762 781 1823 κατά
807 1761 894 1841 τάχος

93 1851 224 1927 βοηθέειν
236 1850 383 1926 πανδημεί.
424 1849 459 1913 ιδς
477 1850 506 1909 δέ
525 1851 571 1910 καὶ
589 1853 616 1910 οἶ
633 1850 730 1910 λοιποὶ
746 1855 802 1911 τῶν
820 1877 892 1928 συμ-

92 1937 190 2018 μάχων
210 1943 339 2000 ε’νενῶντο
358 1939 404 1999 καὶ
422 1937 501 1998 αὐτοὶ
522 1940 601 2016 ἕτερα
618 1942 734 1999 τοιαῦτα
751 1939 891 2015 ποιήσειν·

92 2024 126 2102 ἦν
138 2026 195 2109 γάρ
209 2027 280 2087 κατὰ
291 2024 380 2088 τιύυτδ
392 2026 552 2103 Ὀλυμπιάς
568 2026 696 2088 τούτοισι
712 2030 791 2087 τοῖσι
801 2026 892 2108 πρήγ·

91 2141 164 2192 μασι
189 2119 390 2192 συμπεσοῦσα·
423 2113 511 2174 ούκων
543 2114 685 2178 δοκέοντες
711 2114 781 2174 κατά
807 2114 893 2194 τάχος

91 2203 162 2274 οὕτω
175 2203 407 2282 διακριθήσεσθαι
424 2203 475 2263 τόν
493 2209 522 2262 ἐν
540 2202 743 2282 Θερμοπύλῃσι
756 2202 890 2281 πόλεμον,

91 2293 214 2370 ἔπεμπον
221 2292 286 2356 τούς
296 2290 479 2370 προδρόμους.
502 2288 589 2351 Οὗτοι
598 2293 651 2368 μὲν
661 2290 694 2366 δή
706 2289 777 2350 οὕτω
787 2290 868 2351 διενε-
878 2292 937 2353 207

91 2384 176 2440 νῶντο
201 2380 341 2456 ποιήσειν·
365 2382 392 2439 οἱ
414 2378 444 2438 δέ
468 2383 497 2440 ἐν
519 2378 723 2456 Θερμοπύλῃσι
741 2377 889 2455 Ἕλληνες,

92 2467 185 2543 ἐπειδή
198 2468 288 2530 πέλας
300 2468 409 2548 ἐγένετο
422 2468 473 2542 τῆς
486 2465 640 2543 ἐσβολήςό
650 2467 774 2544 Πέρσης,
789 2493 888 2544 καταρ·

90 2554 246 2630 ρωδέοντες,
260 2553 444 2630 ἐβουλεύοντο
464 2555 529 2631 περὶ
546 2553 726 2635 ἀπαλλαγῆς·
746 2558 825 2615 τοῖσι
838 2556 892 2631 μέν

91 2667 139 2701 νυν
165 2639 283 2700 όλλοισι
309 2640 569 2716 Πελοποννησίοισι
595 2640 696 2712 ἐδόκεε,
719 2643 837 2702 ἐλθοῦσι
864 2648 892 2706 εἰ·

91 2727 314 2804 Πελοπόννησον
325 2726 376 2788 τόν
387 2726 504 2805 Ἰσθμόν
517 2730 590 2808 ἔχειν
604 2733 633 2788 ἐν
646 2734 770 2810 φυλακή·
791 2731 890 2790 Λεωνί·

91 2816 139 2892 δης
162 2817 200 2887 δὲ,
224 2816 340 2877 Φωκέων
363 2816 409 2875 καὶ
430 2821 546 2894 Λοκρῶν
569 2816 829 2897 περισπερχεόντων
854 2821 892 2895 τῇ

89 2904 187 2984 γνώμῃ
205 2903 301 2983 ταύτῃ,
324 2902 411 2965 αὐτοῦ
430 2929 462 2962 τε
481 2904 574 2980 μένειν
597 2907 749 2983 ἐψηφίζετο
769 2904 892 2978 τέρπειν

90 3016 120 3050 τε
137 2991 275 3074 ἀγγέλους
291 2996 319 3055 ἐς
332 2989 384 3054 τάς
400 2990 501 3054 πόλιας
519 2991 682 3052 κελεύοντάς
700 2997 756 3065 σφι
776 2991 891 3066 ἐπιβοη-

91 3078 206 3148 θεειν,
185 3105 221 3143 ως
234 3079 331 3141 ἐόντων
350 3077 440 3138 αὐτῶν
454 3077 558 3158 ὀλίγων
575 3077 697 3154 στρατόν
716 3081 774 3136 τοῖυ
786 3076 902 3141 §ww

123 3255 218 3314 Tam
228 3211 459 3340 βουλευομένων
472 3255 595 3334 σφέων,
608 3259 730 3329 ἐπεμτε
743 3244 868 3322 Ξὲρξηῆ
882 3225 995 3292 *ww
