<?xml version="1.0" encoding="UTF-8"?>
<!DOCTYPE html PUBLIC "-//W3C//DTD XHTML 1.0 Transitional//EN"
    "http://www.w3.org/TR/xhtml1/DTD/xhtml1-transitional.dtd">
<html xmlns="http://www.w3.org/1999/xhtml" xml:lang="en" lang="en">
 <head>
  <title>
</title>
<meta http-equiv="Content-Type" content="text/html;charset=utf-8" />
  <meta name='ocr-system' content='tesseract 3.04.00' />
  <meta name='ocr-capabilities' content='ocr_page ocr_carea ocr_par ocr_line ocrx_word'/>
</head>
<body>
  <div class='ocr_page' id='page_1' title='image "./recensuitjoseph01herogoog_0016.png"; bbox 0 0 2024 3450; ppageno 0'>
   <div class='ocr_carea' id='block_1_1' title="bbox 100 106 897 172">
    <p class='ocr_par' dir='ltr' id='par_1_1' title="bbox 100 106 897 172">
     <span class='ocr_line' id='line_1_1' title="bbox 100 106 897 172; baseline -0.004 -15"><span class='ocrx_word' id='word_1_1' title='bbox 100 106 208 172; x_wconf 72' lang='lat'>11-15]</span> <span class='ocrx_word' id='word_1_2' title='bbox 401 108 603 156; x_wconf 74' lang='grc' dir='ltr'>υυνοιιιουιι.</span> <span class='ocrx_word' id='word_1_3' title='bbox 883 110 897 154; x_wconf 83' lang='lat'>5</span> 
     </span>
    </p>
   </div>
   <div class='ocr_carea' id='block_1_2' title="bbox 49 183 959 3339">
    <p class='ocr_par' dir='ltr' id='par_1_2' title="bbox 97 183 946 1670">
     <span class='ocr_line' id='line_1_2' title="bbox 98 183 946 264; baseline 0 -20"><span class='ocrx_word' id='word_1_4' title='bbox 98 187 193 264; x_wconf 86' lang='grc' dir='ltr'>χίονος</span> <span class='ocrx_word' id='word_1_5' title='bbox 204 183 255 246; x_wconf 85' lang='grc' dir='ltr'>τόν</span> <span class='ocrx_word' id='word_1_6' title='bbox 269 184 355 246; x_wconf 81' lang='grc' dir='ltr'>ἵππον</span> <span class='ocrx_word' id='word_1_7' title='bbox 368 187 414 246; x_wconf 77' lang='grc' dir='ltr'>καὶ</span> <span class='ocrx_word' id='word_1_8' title='bbox 428 188 594 264; x_wconf 81' lang='grc' dir='ltr'>στρέφουσα</span> <span class='ocrx_word' id='word_1_9' title='bbox 606 187 656 247; x_wconf 85' lang='grc' dir='ltr'>τόν</span> <span class='ocrx_word' id='word_1_10' title='bbox 665 185 811 262; x_wconf 79' lang='grc' dir='ltr'>ἄτρακτον.</span> <span class='ocrx_word' id='word_1_11' title='bbox 840 192 898 244; x_wconf 84' lang='grc' dir='ltr'>Θω-</span> <span class='ocrx_word' id='word_1_12' title='bbox 909 188 946 244; x_wconf 89' lang='grc'>13</span> 
     </span>
     <span class='ocr_line' id='line_1_3' title="bbox 98 272 898 350; baseline 0.004 -19"><span class='ocrx_word' id='word_1_13' title='bbox 98 273 192 348; x_wconf 83' lang='grc' dir='ltr'>μάζαν</span> <span class='ocrx_word' id='word_1_14' title='bbox 219 276 231 331; x_wconf 85' lang='grc' dir='ltr'>ὲ</span> <span class='ocrx_word' id='word_1_15' title='bbox 244 272 261 332; x_wconf 86' lang='grc' dir='ltr'>ό</span> <span class='ocrx_word' id='word_1_16' title='bbox 274 278 393 350; x_wconf 82' lang='grc' dir='ltr'>Δαρεῖος</span> <span class='ocrx_word' id='word_1_17' title='bbox 405 274 441 334; x_wconf 92' lang='grc' dir='ltr'>τά</span> <span class='ocrx_word' id='word_1_18' title='bbox 450 301 481 334; x_wconf 88' lang='grc' dir='ltr'>τε</span> <span class='ocrx_word' id='word_1_19' title='bbox 490 273 595 350; x_wconf 83' lang='grc' dir='ltr'>ἢκουσε</span> <span class='ocrx_word' id='word_1_20' title='bbox 605 281 635 334; x_wconf 89' lang='grc' dir='ltr'>ἐκ</span> <span class='ocrx_word' id='word_1_21' title='bbox 648 279 704 335; x_wconf 81' lang='grc' dir='ltr'>τῶν</span> <span class='ocrx_word' id='word_1_22' title='bbox 714 273 898 334; x_wconf 86' lang='grc' dir='ltr'>κατασκόπων</span> 
     </span>
     <span class='ocr_line' id='line_1_4' title="bbox 99 360 897 444; baseline 0.003 -26"><span class='ocrx_word' id='word_1_23' title='bbox 99 363 145 419; x_wconf 85' lang='grc' dir='ltr'>καὶ</span> <span class='ocrx_word' id='word_1_24' title='bbox 158 361 194 420; x_wconf 79' lang='grc' dir='ltr'>τά</span> <span class='ocrx_word' id='word_1_25' title='bbox 208 360 290 424; x_wconf 85' lang='grc' dir='ltr'>αύτός</span> <span class='ocrx_word' id='word_1_26' title='bbox 304 361 369 439; x_wconf 77' lang='grc' dir='ltr'>ὥρα,</span> <span class='ocrx_word' id='word_1_27' title='bbox 383 362 461 444; x_wconf 80' lang='grc' dir='ltr'>ἄγειν</span> <span class='ocrx_word' id='word_1_28' title='bbox 472 361 558 438; x_wconf 74' lang='grc' dir='ltr'>αύτὴν</span> <span class='ocrx_word' id='word_1_29' title='bbox 569 365 677 422; x_wconf 88' lang='grc' dir='ltr'>ἐκέλευε</span> <span class='ocrx_word' id='word_1_30' title='bbox 688 366 776 441; x_wconf 78' lang='grc' dir='ltr'>ἑωυτῷ</span> <span class='ocrx_word' id='word_1_31' title='bbox 786 367 813 426; x_wconf 87' lang='grc' dir='ltr'>ἐς</span> <span class='ocrx_word' id='word_1_32' title='bbox 823 361 897 439; x_wconf 86' lang='grc' dir='ltr'>όψιν·</span> 
     </span>
     <span class='ocr_line' id='line_1_5' title="bbox 100 445 897 529; baseline 0.003 -23"><span class='ocrx_word' id='word_1_33' title='bbox 100 449 134 512; x_wconf 81' lang='grc' dir='ltr'>ὠς</span> <span class='ocrx_word' id='word_1_34' title='bbox 151 450 180 508; x_wconf 82' lang='grc' dir='ltr'>δὲ</span> <span class='ocrx_word' id='word_1_35' title='bbox 195 449 278 528; x_wconf 75' lang='grc' dir='ltr'>ἄχθη,</span> <span class='ocrx_word' id='word_1_36' title='bbox 297 455 430 528; x_wconf 80' lang='grc' dir='ltr'>παρῆσαν</span> <span class='ocrx_word' id='word_1_37' title='bbox 450 451 495 509; x_wconf 81' lang='grc' dir='ltr'>καὶ</span> <span class='ocrx_word' id='word_1_38' title='bbox 512 454 539 510; x_wconf 89' lang='grc' dir='ltr'>οἱ</span> <span class='ocrx_word' id='word_1_39' title='bbox 560 450 694 527; x_wconf 76' lang='grc' dir='ltr'>ἀδελφεοὶ</span> <span class='ocrx_word' id='word_1_40' title='bbox 713 450 798 526; x_wconf 82' lang='grc' dir='ltr'>αύτῆς</span> <span class='ocrx_word' id='word_1_41' title='bbox 817 445 897 529; x_wconf 78' lang='grc' dir='ltr'>ούκῃ</span> 
     </span>
     <span class='ocr_line' id='line_1_6' title="bbox 98 537 898 618; baseline 0.004 -24"><span class='ocrx_word' id='word_1_42' title='bbox 98 538 197 614; x_wconf 79' lang='grc' dir='ltr'>πρόσω</span> <span class='ocrx_word' id='word_1_43' title='bbox 216 538 337 613; x_wconf 72' lang='grc' dir='ltr'>σκοπιὴν</span> <span class='ocrx_word' id='word_1_44' title='bbox 353 539 462 618; x_wconf 87' lang='grc' dir='ltr'>έχὸντες</span> <span class='ocrx_word' id='word_1_45' title='bbox 476 537 590 598; x_wconf 88' lang='grc' dir='ltr'>τούτων·</span> <span class='ocrx_word' id='word_1_46' title='bbox 613 539 789 616; x_wconf 84' lang='grc' dir='ltr'>εἶρωτέωντος</span> <span class='ocrx_word' id='word_1_47' title='bbox 803 538 832 597; x_wconf 81' lang='grc' dir='ltr'>δὲ</span> <span class='ocrx_word' id='word_1_48' title='bbox 845 542 898 598; x_wconf 86' lang='grc' dir='ltr'>’τοῦ</span> 
     </span>
     <span class='ocr_line' id='line_1_7' title="bbox 99 625 898 703; baseline 0 -19"><span class='ocrx_word' id='word_1_49' title='bbox 99 627 219 701; x_wconf 86' lang='grc' dir='ltr'>Δαρείου</span> <span class='ocrx_word' id='word_1_50' title='bbox 243 625 373 701; x_wconf 70' lang='grc' dir='ltr'>ὁποδαπὴ</span> <span class='ocrx_word' id='word_1_51' title='bbox 395 627 454 702; x_wconf 85' lang='grc' dir='ltr'>είη;</span> <span class='ocrx_word' id='word_1_52' title='bbox 490 627 602 703; x_wconf 84' lang='grc' dir='ltr'>ἔφασαν</span> <span class='ocrx_word' id='word_1_53' title='bbox 622 630 648 685; x_wconf 83' lang='grc' dir='ltr'>οἱ</span> <span class='ocrx_word' id='word_1_54' title='bbox 671 626 810 701; x_wconf 82' lang='grc' dir='ltr'>νεηνίσκοι</span> <span class='ocrx_word' id='word_1_55' title='bbox 829 626 898 685; x_wconf 85' lang='grc' dir='ltr'>εἶναι</span> 
     </span>
     <span class='ocr_line' id='line_1_8' title="bbox 99 712 899 791; baseline 0.001 -21"><span class='ocrx_word' id='word_1_56' title='bbox 99 715 219 777; x_wconf 85' lang='grc' dir='ltr'>Παίονες</span> <span class='ocrx_word' id='word_1_57' title='bbox 232 714 277 773; x_wconf 85' lang='grc' dir='ltr'>καὶ</span> <span class='ocrx_word' id='word_1_58' title='bbox 292 716 397 789; x_wconf 87' lang='grc' dir='ltr'>ἐκείνην</span> <span class='ocrx_word' id='word_1_59' title='bbox 410 715 478 774; x_wconf 78' lang='grc' dir='ltr'>εἶναι</span> <span class='ocrx_word' id='word_1_60' title='bbox 489 716 585 791; x_wconf 80' lang='grc' dir='ltr'>σφέων</span> <span class='ocrx_word' id='word_1_61' title='bbox 595 712 746 791; x_wconf 74' lang='grc' dir='ltr'>ἀδελφεήν·</span> <span class='ocrx_word' id='word_1_62' title='bbox 760 712 775 771; x_wconf 85' lang='grc' dir='ltr'>ὁ</span> <span class='ocrx_word' id='word_1_63' title='bbox 789 712 811 771; x_wconf 83' lang='grc' dir='ltr'>δ’</span> <span class='ocrx_word' id='word_1_64' title='bbox 823 713 899 789; x_wconf 86' lang='grc' dir='ltr'>άμεί-</span> 
     </span>
     <span class='ocr_line' id='line_1_9' title="bbox 98 800 899 882; baseline 0.006 -23"><span class='ocrx_word' id='word_1_65' title='bbox 98 803 177 876; x_wconf 87' lang='grc' dir='ltr'>βετο,</span> <span class='ocrx_word' id='word_1_66' title='bbox 192 802 263 864; x_wconf 91' lang='grc' dir='ltr'>τίνες</span> <span class='ocrx_word' id='word_1_67' title='bbox 276 801 306 861; x_wconf 82' lang='grc' dir='ltr'>δὲ</span> <span class='ocrx_word' id='word_1_68' title='bbox 320 805 346 861; x_wconf 85' lang='grc' dir='ltr'>οἱ</span> <span class='ocrx_word' id='word_1_69' title='bbox 360 803 479 866; x_wconf 87' lang='grc' dir='ltr'>Παίονες</span> <span class='ocrx_word' id='word_1_70' title='bbox 493 801 635 880; x_wconf 77' lang='grc' dir='ltr'>ἄνθρωποί</span> <span class='ocrx_word' id='word_1_71' title='bbox 647 807 709 872; x_wconf 81' lang='grc' dir='ltr'>εἶσι,</span> <span class='ocrx_word' id='word_1_72' title='bbox 725 800 771 860; x_wconf 83' lang='grc' dir='ltr'>καὶ</span> <span class='ocrx_word' id='word_1_73' title='bbox 784 805 834 860; x_wconf 84' lang='grc' dir='ltr'>κοῦ</span> <span class='ocrx_word' id='word_1_74' title='bbox 847 805 899 882; x_wconf 74' lang='grc' dir='ltr'>γῆς</span> 
     </span>
     <span class='ocr_line' id='line_1_10' title="bbox 99 884 898 966; baseline 0.009 -20"><span class='ocrx_word' id='word_1_75' title='bbox 99 889 248 965; x_wconf 80' lang='grc' dir='ltr'>οἰκημένοι,</span> <span class='ocrx_word' id='word_1_76' title='bbox 263 890 309 948; x_wconf 88' lang='grc' dir='ltr'>καὶ</span> <span class='ocrx_word' id='word_1_77' title='bbox 322 884 355 950; x_wconf 92' lang='grc' dir='ltr'>τί</span> <span class='ocrx_word' id='word_1_78' title='bbox 363 895 448 951; x_wconf 84' lang='grc' dir='ltr'>κεῖνοι</span> <span class='ocrx_word' id='word_1_79' title='bbox 465 892 608 955; x_wconf 88' lang='grc' dir='ltr'>ἐθέλοντες</span> <span class='ocrx_word' id='word_1_80' title='bbox 622 892 730 951; x_wconf 81' lang='grc' dir='ltr'>ἔλθοιεν</span> <span class='ocrx_word' id='word_1_81' title='bbox 744 895 771 952; x_wconf 90' lang='grc' dir='ltr'>ἐς</span> <span class='ocrx_word' id='word_1_82' title='bbox 785 889 898 966; x_wconf 77' lang='grc' dir='ltr'>Σάρδις;</span> 
     </span>
     <span class='ocr_line' id='line_1_11' title="bbox 98 977 900 1057; baseline 0.007 -23"><span class='ocrx_word' id='word_1_83' title='bbox 98 979 125 1035; x_wconf 84' lang='grc' dir='ltr'>οἱ</span> <span class='ocrx_word' id='word_1_84' title='bbox 146 977 178 1035; x_wconf 84' lang='grc' dir='ltr'>δέ</span> <span class='ocrx_word' id='word_1_85' title='bbox 197 981 223 1036; x_wconf 85' lang='grc' dir='ltr'>οἱ</span> <span class='ocrx_word' id='word_1_86' title='bbox 244 978 374 1054; x_wconf 82' lang='grc' dir='ltr'>ἔφραζον,</span> <span class='ocrx_word' id='word_1_87' title='bbox 396 978 431 1042; x_wconf 81' lang='grc' dir='ltr'>ὦς</span> <span class='ocrx_word' id='word_1_88' title='bbox 451 980 558 1038; x_wconf 83' lang='grc' dir='ltr'>ἔλθοιεν</span> <span class='ocrx_word' id='word_1_89' title='bbox 578 981 630 1057; x_wconf 84' lang='grc' dir='ltr'>μὲν</span> <span class='ocrx_word' id='word_1_90' title='bbox 651 979 742 1057; x_wconf 77' lang='grc' dir='ltr'>ἐκείνῳ</span> <span class='ocrx_word' id='word_1_91' title='bbox 764 977 900 1041; x_wconf 77' lang='grc' dir='ltr'>δώσοντες</span> 
     </span>
     <span class='ocr_line' id='line_1_12' title="bbox 98 1065 898 1144; baseline 0.003 -21"><span class='ocrx_word' id='word_1_92' title='bbox 98 1067 190 1140; x_wconf 76' lang='grc' dir='ltr'>σφέας</span> <span class='ocrx_word' id='word_1_93' title='bbox 210 1065 315 1136; x_wconf 81' lang='grc' dir='ltr'>αύτούς,</span> <span class='ocrx_word' id='word_1_94' title='bbox 342 1068 383 1142; x_wconf 81' lang='grc' dir='ltr'>εἴη</span> <span class='ocrx_word' id='word_1_95' title='bbox 404 1067 472 1142; x_wconf 81' lang='grc' dir='ltr'>δέἦ</span> <span class='ocrx_word' id='word_1_96' title='bbox 495 1068 616 1144; x_wconf 80' lang='grc' dir='ltr'>Παιονίη</span> <span class='ocrx_word' id='word_1_97' title='bbox 635 1068 681 1126; x_wconf 86' lang='grc' dir='ltr'>ἐπὶ</span> <span class='ocrx_word' id='word_1_98' title='bbox 701 1070 739 1144; x_wconf 79' lang='grc' dir='ltr'>τῷ</span> <span class='ocrx_word' id='word_1_99' title='bbox 760 1066 898 1144; x_wconf 75' lang='grc' dir='ltr'>Στρυμόνι</span> 
     </span>
     <span class='ocr_line' id='line_1_13' title="bbox 98 1152 898 1232; baseline 0.004 -22"><span class='ocrx_word' id='word_1_100' title='bbox 98 1158 214 1232; x_wconf 78' lang='grc' dir='ltr'>ποταμῷ</span> <span class='ocrx_word' id='word_1_101' title='bbox 232 1155 437 1231; x_wconf 75' lang='grc' dir='ltr'>πεπολισμένη·</span> <span class='ocrx_word' id='word_1_102' title='bbox 458 1153 519 1214; x_wconf 83' lang='grc' dir='ltr'>όδέ</span> <span class='ocrx_word' id='word_1_103' title='bbox 533 1154 666 1232; x_wconf 76' lang='grc' dir='ltr'>Στρυμάν</span> <span class='ocrx_word' id='word_1_104' title='bbox 685 1152 717 1213; x_wconf 81' lang='grc' dir='ltr'>ού</span> <span class='ocrx_word' id='word_1_105' title='bbox 736 1152 834 1230; x_wconf 87' lang='grc' dir='ltr'>πρόσω</span> <span class='ocrx_word' id='word_1_106' title='bbox 847 1158 898 1214; x_wconf 84' lang='grc' dir='ltr'>τοῦ</span> 
     </span>
     <span class='ocr_line' id='line_1_14' title="bbox 97 1239 899 1320; baseline 0.009 -23"><span class='ocrx_word' id='word_1_107' title='bbox 97 1239 324 1317; x_wconf 86' lang='grc' dir='ltr'>Ἑλλησπόντου·</span> <span class='ocrx_word' id='word_1_108' title='bbox 349 1243 447 1317; x_wconf 86' lang='grc' dir='ltr'>εἴησαν</span> <span class='ocrx_word' id='word_1_109' title='bbox 468 1243 497 1302; x_wconf 82' lang='grc' dir='ltr'>δὲ</span> <span class='ocrx_word' id='word_1_110' title='bbox 517 1247 644 1320; x_wconf 81' lang='grc' dir='ltr'>Τευκρῶν</span> <span class='ocrx_word' id='word_1_111' title='bbox 665 1247 720 1302; x_wconf 84' lang='grc' dir='ltr'>τῶν</span> <span class='ocrx_word' id='word_1_112' title='bbox 744 1246 774 1300; x_wconf 89' lang='grc' dir='ltr'>ἐκ</span> <span class='ocrx_word' id='word_1_113' title='bbox 798 1243 899 1318; x_wconf 83' lang='grc' dir='ltr'>Τροίης</span> 
     </span>
     <span class='ocr_line' id='line_1_15' title="bbox 98 1327 896 1411; baseline 0.003 -26"><span class='ocrx_word' id='word_1_114' title='bbox 98 1327 218 1389; x_wconf 80' lang='grc' dir='ltr'>ἄποικοι·</span> <span class='ocrx_word' id='word_1_115' title='bbox 238 1334 265 1389; x_wconf 87' lang='grc' dir='ltr'>οἱ</span> <span class='ocrx_word' id='word_1_116' title='bbox 280 1334 333 1407; x_wconf 78' lang='grc' dir='ltr'>μὲν</span> <span class='ocrx_word' id='word_1_117' title='bbox 346 1330 379 1405; x_wconf 74' lang='grc' dir='ltr'>δη</span> <span class='ocrx_word' id='word_1_118' title='bbox 394 1329 465 1391; x_wconf 78' lang='grc' dir='ltr'>αι’τό</span> <span class='ocrx_word' id='word_1_119' title='bbox 479 1331 583 1390; x_wconf 80' lang='grc' dir='ltr'>ἕκαστα</span> <span class='ocrx_word' id='word_1_120' title='bbox 597 1331 703 1411; x_wconf 81' lang='grc' dir='ltr'>ἔλεγον·</span> <span class='ocrx_word' id='word_1_121' title='bbox 725 1329 741 1388; x_wconf 88' lang='grc' dir='ltr'>ό</span> <span class='ocrx_word' id='word_1_122' title='bbox 755 1329 784 1387; x_wconf 78' lang='grc' dir='ltr'>δὲ</span> <span class='ocrx_word' id='word_1_123' title='bbox 798 1327 896 1404; x_wconf 82' lang='grc' dir='ltr'>εἷριύτα</span> 
     </span>
     <span class='ocr_line' id='line_1_16' title="bbox 99 1417 896 1498; baseline 0.001 -25"><span class='ocrx_word' id='word_1_124' title='bbox 99 1421 122 1474; x_wconf 83' lang='grc' dir='ltr'>εἰ</span> <span class='ocrx_word' id='word_1_125' title='bbox 141 1419 186 1475; x_wconf 86' lang='grc' dir='ltr'>καὶ</span> <span class='ocrx_word' id='word_1_126' title='bbox 204 1423 296 1477; x_wconf 81' lang='grc' dir='ltr'>πᾶσαι</span> <span class='ocrx_word' id='word_1_127' title='bbox 313 1420 411 1494; x_wconf 84' lang='grc' dir='ltr'>εἴησαν</span> <span class='ocrx_word' id='word_1_128' title='bbox 429 1417 527 1479; x_wconf 86' lang='grc' dir='ltr'>αύτόθι</span> <span class='ocrx_word' id='word_1_129' title='bbox 546 1422 575 1477; x_wconf 87' lang='grc' dir='ltr'>αἱ</span> <span class='ocrx_word' id='word_1_130' title='bbox 593 1423 719 1498; x_wconf 82' lang='grc' dir='ltr'>γυναῖκες</span> <span class='ocrx_word' id='word_1_131' title='bbox 733 1417 803 1476; x_wconf 81' lang='grc' dir='ltr'>οὕτω</span> <span class='ocrx_word' id='word_1_132' title='bbox 816 1417 896 1496; x_wconf 87' lang='grc' dir='ltr'>ἐργά-</span> 
     </span>
     <span class='ocr_line' id='line_1_17' title="bbox 97 1504 898 1581; baseline 0.004 -20"><span class='ocrx_word' id='word_1_133' title='bbox 97 1504 180 1573; x_wconf 78' lang='grc' dir='ltr'>τιδες;</span> <span class='ocrx_word' id='word_1_134' title='bbox 204 1508 231 1563; x_wconf 82' lang='grc' dir='ltr'>οἱ</span> <span class='ocrx_word' id='word_1_135' title='bbox 244 1507 274 1563; x_wconf 82' lang='grc' dir='ltr'>δέ</span> <span class='ocrx_word' id='word_1_136' title='bbox 288 1506 333 1563; x_wconf 84' lang='grc' dir='ltr'>καὶ</span> <span class='ocrx_word' id='word_1_137' title='bbox 346 1509 429 1564; x_wconf 79' lang='grc' dir='ltr'>τοῦτο</span> <span class='ocrx_word' id='word_1_138' title='bbox 442 1507 553 1580; x_wconf 76' lang='grc' dir='ltr'>ἔφασαν</span> <span class='ocrx_word' id='word_1_139' title='bbox 570 1505 719 1580; x_wconf 76' lang='grc' dir='ltr'>προθύμως</span> <span class='ocrx_word' id='word_1_140' title='bbox 732 1504 803 1562; x_wconf 83' lang='grc' dir='ltr'>οὕτω</span> <span class='ocrx_word' id='word_1_141' title='bbox 816 1505 898 1581; x_wconf 85' lang='grc' dir='ltr'>ἐχειν·</span> 
     </span>
     <span class='ocr_line' id='line_1_18' title="bbox 99 1589 720 1670; baseline 0.005 -24"><span class='ocrx_word' id='word_1_142' title='bbox 99 1589 184 1648; x_wconf 81' lang='grc' dir='ltr'>αύτοῦ</span> <span class='ocrx_word' id='word_1_143' title='bbox 196 1591 251 1670; x_wconf 79' lang='grc' dir='ltr'>γάρ</span> <span class='ocrx_word' id='word_1_144' title='bbox 266 1591 302 1651; x_wconf 79' lang='grc' dir='ltr'>ὧν</span> <span class='ocrx_word' id='word_1_145' title='bbox 314 1590 414 1650; x_wconf 90' lang='grc' dir='ltr'>τούτου</span> <span class='ocrx_word' id='word_1_146' title='bbox 428 1592 517 1649; x_wconf 81' lang='grc' dir='ltr'>εἵνεκα</span> <span class='ocrx_word' id='word_1_147' title='bbox 531 1593 576 1650; x_wconf 85' lang='grc' dir='ltr'>καὶ</span> <span class='ocrx_word' id='word_1_148' title='bbox 590 1592 720 1650; x_wconf 87' lang='grc' dir='ltr'>ἐποιέετο.</span> 
     </span>
    </p>

    <p class='ocr_par' dir='ltr' id='par_1_3' title="bbox 49 1677 959 3339">
     <span class='ocr_line' id='line_1_19' title="bbox 138 1677 946 1759; baseline 0.002 -24"><span class='ocrx_word' id='word_1_149' title='bbox 138 1677 277 1737; x_wconf 86' lang='grc' dir='ltr'>Ἐνθαῦτα</span> <span class='ocrx_word' id='word_1_150' title='bbox 296 1681 413 1755; x_wconf 79' lang='grc' dir='ltr'>Δαρεῖος</span> <span class='ocrx_word' id='word_1_151' title='bbox 429 1677 533 1758; x_wconf 85' lang='grc' dir='ltr'>γράφει</span> <span class='ocrx_word' id='word_1_152' title='bbox 548 1678 702 1759; x_wconf 86' lang='grc' dir='ltr'>γράμματα</span> <span class='ocrx_word' id='word_1_153' title='bbox 714 1677 785 1755; x_wconf 85' lang='grc' dir='ltr'>πρός</span> <span class='ocrx_word' id='word_1_154' title='bbox 803 1678 899 1758; x_wconf 86' lang='grc' dir='ltr'>Μιγά-</span> <span class='ocrx_word' id='word_1_155' title='bbox 908 1681 946 1737; x_wconf 83' lang='grc'>14</span> 
     </span>
     <span class='ocr_line' id='line_1_20' title="bbox 97 1765 898 1848; baseline 0.005 -26"><span class='ocrx_word' id='word_1_156' title='bbox 97 1766 197 1842; x_wconf 80' lang='grc' dir='ltr'>βαζον,</span> <span class='ocrx_word' id='word_1_157' title='bbox 211 1765 260 1826; x_wconf 86' lang='grc' dir='ltr'>τόν</span> <span class='ocrx_word' id='word_1_158' title='bbox 279 1767 357 1825; x_wconf 81' lang='grc' dir='ltr'>ἔλιπε</span> <span class='ocrx_word' id='word_1_159' title='bbox 371 1770 399 1826; x_wconf 90' lang='grc' dir='ltr'>ἐν</span> <span class='ocrx_word' id='word_1_160' title='bbox 411 1771 448 1845; x_wconf 77' lang='grc' dir='ltr'>τῇ</span> <span class='ocrx_word' id='word_1_161' title='bbox 464 1767 571 1847; x_wconf 77' lang='grc' dir='ltr'>Θρηίκῃ</span> <span class='ocrx_word' id='word_1_162' title='bbox 588 1765 755 1848; x_wconf 82' lang='grc' dir='ltr'>στρατηγόν,</span> <span class='ocrx_word' id='word_1_163' title='bbox 771 1766 898 1826; x_wconf 87' lang='grc' dir='ltr'>ἐντελλό-</span> 
     </span>
     <span class='ocr_line' id='line_1_21' title="bbox 97 1853 898 1931; baseline 0 -19"><span class='ocrx_word' id='word_1_164' title='bbox 97 1879 180 1930; x_wconf 89' lang='grc' dir='ltr'>μενος</span> <span class='ocrx_word' id='word_1_165' title='bbox 207 1855 396 1930; x_wconf 77' lang='grc' dir='ltr'>ἐξαναστῆσαι</span> <span class='ocrx_word' id='word_1_166' title='bbox 423 1855 454 1924; x_wconf 80' lang='grc' dir='ltr'>ἐξ</span> <span class='ocrx_word' id='word_1_167' title='bbox 478 1853 568 1930; x_wconf 85' lang='grc' dir='ltr'>η’θέων</span> <span class='ocrx_word' id='word_1_168' title='bbox 595 1854 726 1928; x_wconf 79' lang='grc' dir='ltr'>Παίονας,</span> <span class='ocrx_word' id='word_1_169' title='bbox 755 1855 801 1912; x_wconf 88' lang='grc' dir='ltr'>καὶ</span> <span class='ocrx_word' id='word_1_170' title='bbox 832 1853 898 1931; x_wconf 79' lang='grc' dir='ltr'>παρ’</span> 
     </span>
     <span class='ocr_line' id='line_1_22' title="bbox 49 1941 900 2023; baseline 0 -23"><span class='ocrx_word' id='word_1_171' title='bbox 49 2014 53 2021; x_wconf 28' lang='lat'>⁸</span> <span class='ocrx_word' id='word_1_172' title='bbox 98 1941 197 2002; x_wconf 76' lang='grc' dir='ltr'>ἑωυτόν</span> <span class='ocrx_word' id='word_1_173' title='bbox 211 1941 327 2023; x_wconf 82' lang='grc' dir='ltr'>οἷγαγεῖν</span> <span class='ocrx_word' id='word_1_174' title='bbox 337 1943 383 2001; x_wconf 86' lang='grc' dir='ltr'>καὶ</span> <span class='ocrx_word' id='word_1_175' title='bbox 397 1941 497 2006; x_wconf 78' lang='grc' dir='ltr'>αύτούς</span> <span class='ocrx_word' id='word_1_176' title='bbox 511 1945 556 2002; x_wconf 87' lang='grc' dir='ltr'>καὶ</span> <span class='ocrx_word' id='word_1_177' title='bbox 569 1943 653 2003; x_wconf 88' lang='grc' dir='ltr'>τέκνα</span> <span class='ocrx_word' id='word_1_178' title='bbox 665 1968 696 2002; x_wconf 89' lang='grc' dir='ltr'>τε</span> <span class='ocrx_word' id='word_1_179' title='bbox 710 1943 756 2001; x_wconf 85' lang='grc' dir='ltr'>καὶ</span> <span class='ocrx_word' id='word_1_180' title='bbox 765 1945 900 2022; x_wconf 82' lang='grc' dir='ltr'>γυναῖκας</span> 
     </span>
     <span class='ocr_line' id='line_1_23' title="bbox 97 2029 899 2110; baseline 0 -22"><span class='ocrx_word' id='word_1_181' title='bbox 97 2030 195 2090; x_wconf 77' lang='grc' dir='ltr'>αὐτῶν.</span> <span class='ocrx_word' id='word_1_182' title='bbox 237 2029 335 2090; x_wconf 85' lang='grc' dir='ltr'>αύτίκα</span> <span class='ocrx_word' id='word_1_183' title='bbox 354 2031 384 2090; x_wconf 80' lang='grc' dir='ltr'>δὲ</span> <span class='ocrx_word' id='word_1_184' title='bbox 402 2029 499 2093; x_wconf 77' lang='grc' dir='ltr'>ἱππεύς</span> <span class='ocrx_word' id='word_1_185' title='bbox 518 2032 576 2091; x_wconf 83' lang='grc' dir='ltr'>ἔθεε</span> <span class='ocrx_word' id='word_1_186' title='bbox 590 2030 747 2108; x_wconf 77' lang='grc' dir='ltr'>φέρωντὴν</span> <span class='ocrx_word' id='word_1_187' title='bbox 763 2030 899 2110; x_wconf 82' lang='grc' dir='ltr'>ἀγγελίην</span> 
     </span>
     <span class='ocr_line' id='line_1_24' title="bbox 97 2117 898 2194; baseline -0.001 -18"><span class='ocrx_word' id='word_1_188' title='bbox 97 2119 143 2177; x_wconf 87' lang='grc' dir='ltr'>ἐπὶ</span> <span class='ocrx_word' id='word_1_189' title='bbox 159 2118 209 2178; x_wconf 83' lang='grc' dir='ltr'>τόν</span> <span class='ocrx_word' id='word_1_190' title='bbox 227 2117 452 2193; x_wconf 87' lang='grc' dir='ltr'>Ἑλλήσποντον·</span> <span class='ocrx_word' id='word_1_191' title='bbox 473 2119 634 2194; x_wconf 85' lang='grc' dir='ltr'>περαιωθεὶς</span> <span class='ocrx_word' id='word_1_192' title='bbox 648 2118 678 2177; x_wconf 83' lang='grc' dir='ltr'>δέ</span> <span class='ocrx_word' id='word_1_193' title='bbox 691 2117 763 2177; x_wconf 86' lang='grc' dir='ltr'>διδοῖ</span> <span class='ocrx_word' id='word_1_194' title='bbox 777 2117 809 2176; x_wconf 84' lang='grc' dir='ltr'>τό</span> <span class='ocrx_word' id='word_1_195' title='bbox 828 2118 898 2192; x_wconf 86' lang='grc' dir='ltr'>βιβ-</span> 
     </span>
     <span class='ocr_line' id='line_1_25' title="bbox 97 2203 899 2286; baseline -0.001 -22"><span class='ocrx_word' id='word_1_196' title='bbox 97 2208 159 2266; x_wconf 92' lang='grc' dir='ltr'>λίον</span> <span class='ocrx_word' id='word_1_197' title='bbox 177 2210 222 2284; x_wconf 74' lang='grc' dir='ltr'>τῷ</span> <span class='ocrx_word' id='word_1_198' title='bbox 234 2205 407 2286; x_wconf 79' lang='grc' dir='ltr'>Μεγαβάζῳ·</span> <span class='ocrx_word' id='word_1_199' title='bbox 431 2206 491 2265; x_wconf 84' lang='grc' dir='ltr'>όδέ</span> <span class='ocrx_word' id='word_1_200' title='bbox 510 2206 714 2282; x_wconf 82' lang='grc' dir='ltr'>ἐπιλεξάμενος,</span> <span class='ocrx_word' id='word_1_201' title='bbox 732 2205 778 2264; x_wconf 86' lang='grc' dir='ltr'>καὶ</span> <span class='ocrx_word' id='word_1_202' title='bbox 798 2203 899 2281; x_wconf 76' lang='grc' dir='ltr'>λαβόν</span> 
     </span>
     <span class='ocr_line' id='line_1_26' title="bbox 96 2292 897 2375; baseline -0.002 -22"><span class='ocrx_word' id='word_1_203' title='bbox 96 2293 235 2375; x_wconf 79' lang='grc' dir='ltr'>ἡγεμόνας</span> <span class='ocrx_word' id='word_1_204' title='bbox 264 2300 294 2373; x_wconf 69' lang='grc' dir='ltr'>ἐκ</span> <span class='ocrx_word' id='word_1_205' title='bbox 323 2297 373 2368; x_wconf 77' lang='grc' dir='ltr'>τῆς</span> <span class='ocrx_word' id='word_1_206' title='bbox 401 2294 530 2370; x_wconf 79' lang='grc' dir='ltr'>Θρηίκης,</span> <span class='ocrx_word' id='word_1_207' title='bbox 560 2293 741 2370; x_wconf 73' lang='grc' dir='ltr'>ἐστρατεύετο</span> <span class='ocrx_word' id='word_1_208' title='bbox 769 2294 815 2352; x_wconf 86' lang='grc' dir='ltr'>ἐπὶ</span> <span class='ocrx_word' id='word_1_209' title='bbox 846 2292 897 2368; x_wconf 74' lang='grc' dir='ltr'>την</span> 
     </span>
     <span class='ocr_line' id='line_1_27' title="bbox 96 2381 944 2459; baseline -0.001 -18"><span class='ocrx_word' id='word_1_210' title='bbox 96 2384 242 2459; x_wconf 91' lang='grc' dir='ltr'>Παιονίην.</span> <span class='ocrx_word' id='word_1_211' title='bbox 285 2381 446 2458; x_wconf 92' lang='grc' dir='ltr'>Πυθόμενοι</span> <span class='ocrx_word' id='word_1_212' title='bbox 472 2383 502 2441; x_wconf 80' lang='grc' dir='ltr'>δὲ</span> <span class='ocrx_word' id='word_1_213' title='bbox 528 2385 555 2441; x_wconf 82' lang='grc' dir='ltr'>οἱ</span> <span class='ocrx_word' id='word_1_214' title='bbox 584 2383 703 2444; x_wconf 87' lang='grc' dir='ltr'>Παίονες</span> <span class='ocrx_word' id='word_1_215' title='bbox 731 2381 796 2445; x_wconf 82' lang='grc' dir='ltr'>τούς</span> <span class='ocrx_word' id='word_1_216' title='bbox 818 2382 895 2458; x_wconf 74' lang='grc' dir='ltr'>ιΠέρ-</span> <span class='ocrx_word' id='word_1_217' title='bbox 908 2383 944 2440; x_wconf 87' lang='grc'>15</span> 
     </span>
     <span class='ocr_line' id='line_1_28' title="bbox 96 2469 897 2546; baseline -0.002 -18"><span class='ocrx_word' id='word_1_218' title='bbox 96 2494 150 2533; x_wconf 90' lang='grc' dir='ltr'>σας</span> <span class='ocrx_word' id='word_1_219' title='bbox 174 2473 219 2529; x_wconf 84' lang='grc' dir='ltr'>ἐπὶ</span> <span class='ocrx_word' id='word_1_220' title='bbox 240 2471 333 2546; x_wconf 80' lang='grc' dir='ltr'>σφέας</span> <span class='ocrx_word' id='word_1_221' title='bbox 355 2471 431 2540; x_wconf 84' lang='grc' dir='ltr'>ἰέναι,</span> <span class='ocrx_word' id='word_1_222' title='bbox 456 2469 620 2537; x_wconf 71' lang='grc' dir='ltr'>ἁλισθέντες</span> <span class='ocrx_word' id='word_1_223' title='bbox 644 2469 897 2546; x_wconf 78' lang='grc' dir='ltr'>ἐξεστρατεύσαντο</span> 
     </span>
     <span class='ocr_line' id='line_1_29' title="bbox 96 2555 898 2636; baseline 0.006 -21"><span class='ocrx_word' id='word_1_224' title='bbox 96 2556 166 2633; x_wconf 83' lang='grc' dir='ltr'>πρός</span> <span class='ocrx_word' id='word_1_225' title='bbox 187 2557 346 2632; x_wconf 86' lang='grc' dir='ltr'>θαλάσσης·</span> <span class='ocrx_word' id='word_1_226' title='bbox 368 2557 509 2621; x_wconf 86' lang='grc' dir='ltr'>δοκέοντες</span> <span class='ocrx_word' id='word_1_227' title='bbox 526 2556 613 2636; x_wconf 82' lang='grc' dir='ltr'>ταύτῃ</span> <span class='ocrx_word' id='word_1_228' title='bbox 633 2557 822 2636; x_wconf 80' lang='grc' dir='ltr'>ἐπιχειρήσειν</span> <span class='ocrx_word' id='word_1_229' title='bbox 833 2555 898 2620; x_wconf 82' lang='grc' dir='ltr'>τούς</span> 
     </span>
     <span class='ocr_line' id='line_1_30' title="bbox 96 2644 899 2722; baseline 0 -19"><span class='ocrx_word' id='word_1_230' title='bbox 96 2645 212 2722; x_wconf 86' lang='grc' dir='ltr'>Πέρσας</span> <span class='ocrx_word' id='word_1_231' title='bbox 235 2644 443 2720; x_wconf 81' lang='grc' dir='ltr'>ἐμβάλλοντας.</span> <span class='ocrx_word' id='word_1_232' title='bbox 485 2648 511 2705; x_wconf 80' lang='grc' dir='ltr'>οἱ</span> <span class='ocrx_word' id='word_1_233' title='bbox 538 2648 589 2722; x_wconf 77' lang='grc' dir='ltr'>μὲν</span> <span class='ocrx_word' id='word_1_234' title='bbox 616 2645 649 2721; x_wconf 77' lang='grc' dir='ltr'>δή</span> <span class='ocrx_word' id='word_1_235' title='bbox 677 2645 796 2708; x_wconf 89' lang='grc' dir='ltr'>Παίονες</span> <span class='ocrx_word' id='word_1_236' title='bbox 823 2644 899 2721; x_wconf 86' lang='grc' dir='ltr'>ἦσαν</span> 
     </span>
     <span class='ocr_line' id='line_1_31' title="bbox 96 2731 896 2812; baseline 0 -22"><span class='ocrx_word' id='word_1_237' title='bbox 96 2735 202 2809; x_wconf 78' lang='grc' dir='ltr'>ἑτοῖμοι</span> <span class='ocrx_word' id='word_1_238' title='bbox 215 2731 265 2793; x_wconf 85' lang='grc' dir='ltr'>τόν</span> <span class='ocrx_word' id='word_1_239' title='bbox 279 2732 454 2812; x_wconf 82' lang='grc' dir='ltr'>Μεγαβάζου</span> <span class='ocrx_word' id='word_1_240' title='bbox 468 2733 590 2811; x_wconf 86' lang='grc' dir='ltr'>στρατόν</span> <span class='ocrx_word' id='word_1_241' title='bbox 609 2733 721 2793; x_wconf 91' lang='grc' dir='ltr'>ἐπιόντα</span> <span class='ocrx_word' id='word_1_242' title='bbox 736 2733 850 2810; x_wconf 71' lang='grc' dir='ltr'>ἐρύκειν·</span> <span class='ocrx_word' id='word_1_243' title='bbox 869 2735 896 2791; x_wconf 82' lang='grc' dir='ltr'>οἱ</span> 
     </span>
     <span class='ocr_line' id='line_1_32' title="bbox 96 2819 898 2897; baseline 0.004 -20"><span class='ocrx_word' id='word_1_244' title='bbox 96 2819 125 2877; x_wconf 83' lang='grc' dir='ltr'>δέ</span> <span class='ocrx_word' id='word_1_245' title='bbox 144 2823 256 2897; x_wconf 86' lang='grc' dir='ltr'>Πέρσαι</span> <span class='ocrx_word' id='word_1_246' title='bbox 274 2819 428 2896; x_wconf 87' lang='grc' dir='ltr'>πυθόμενοι</span> <span class='ocrx_word' id='word_1_247' title='bbox 444 2821 617 2880; x_wconf 88' lang='grc' dir='ltr'>συναλίσθαι</span> <span class='ocrx_word' id='word_1_248' title='bbox 634 2821 700 2884; x_wconf 81' lang='grc' dir='ltr'>τούς</span> <span class='ocrx_word' id='word_1_249' title='bbox 714 2821 838 2883; x_wconf 83' lang='grc' dir='ltr'>Παίονας</span> <span class='ocrx_word' id='word_1_250' title='bbox 851 2821 898 2880; x_wconf 78' lang='grc' dir='ltr'>καὶ</span> 
     </span>
     <span class='ocr_line' id='line_1_33' title="bbox 94 2906 898 2986; baseline -0.001 -19"><span class='ocrx_word' id='word_1_251' title='bbox 94 2908 146 2982; x_wconf 72' lang='grc' dir='ltr'>τὴν</span> <span class='ocrx_word' id='word_1_252' title='bbox 164 2908 235 2984; x_wconf 85' lang='grc' dir='ltr'>πρός</span> <span class='ocrx_word' id='word_1_253' title='bbox 254 2906 405 2983; x_wconf 78' lang='grc' dir='ltr'>θαλάσσης</span> <span class='ocrx_word' id='word_1_254' title='bbox 418 2907 549 2984; x_wconf 79' lang='grc' dir='ltr'>ἐσβολὴν</span> <span class='ocrx_word' id='word_1_255' title='bbox 563 2907 774 2983; x_wconf 85' lang='grc' dir='ltr'>φυλάσσοντας,</span> <span class='ocrx_word' id='word_1_256' title='bbox 789 2909 898 2986; x_wconf 78' lang='grc' dir='ltr'>ἔχοντες</span> 
     </span>
     <span class='ocr_line' id='line_1_34' title="bbox 94 2992 903 3074; baseline 0.001 -21"><span class='ocrx_word' id='word_1_257' title='bbox 94 2992 241 3074; x_wconf 77' lang='grc' dir='ltr'>ἡγεμόνας,</span> <span class='ocrx_word' id='word_1_258' title='bbox 255 2994 308 3070; x_wconf 76' lang='grc' dir='ltr'>τήν</span> <span class='ocrx_word' id='word_1_259' title='bbox 318 2994 373 3055; x_wconf 77' lang='grc' dir='ltr'>ἅνω</span> <span class='ocrx_word' id='word_1_260' title='bbox 387 2994 453 3055; x_wconf 77' lang='grc' dir='ltr'>όδόν</span> <span class='ocrx_word' id='word_1_261' title='bbox 465 2994 626 3072; x_wconf 89' lang='grc' dir='ltr'>τράπονται·</span> <span class='ocrx_word' id='word_1_262' title='bbox 644 2995 778 3058; x_wconf 87' lang='grc' dir='ltr'>λαθόντες</span> <span class='ocrx_word' id='word_1_263' title='bbox 791 2996 822 3054; x_wconf 83' lang='grc' dir='ltr'>δὲ</span> <span class='ocrx_word' id='word_1_264' title='bbox 833 2995 903 3054; x_wconf 65' lang='grc' dir='ltr'>τούς</span> 
     </span>
     <span class='ocr_line' id='line_1_35' title="bbox 96 3075 931 3171; baseline -0.016 -32"><span class='ocrx_word' id='word_1_265' title='bbox 96 3084 220 3146; x_wconf 90' lang='grc' dir='ltr'>Παίονας</span> <span class='ocrx_word' id='word_1_266' title='bbox 241 3085 414 3143; x_wconf 87' lang='grc' dir='ltr'>ἐσπίπτουσι</span> <span class='ocrx_word' id='word_1_267' title='bbox 434 3088 462 3147; x_wconf 89' lang='grc' dir='ltr'>ἐς</span> <span class='ocrx_word' id='word_1_268' title='bbox 481 3083 533 3154; x_wconf 72' lang='grc' dir='ltr'>τάς</span> <span class='ocrx_word' id='word_1_269' title='bbox 553 3081 663 3144; x_wconf 76' lang='grc' dir='ltr'>πόλιας</span> <span class='ocrx_word' id='word_1_270' title='bbox 684 3080 793 3145; x_wconf 64' lang='grc' dir='ltr'>αἰπΐον,</span> <span class='ocrx_word' id='word_1_271' title='bbox 812 3075 931 3171; x_wconf 56' lang='grc' dir='ltr'>ἐούσης</span> 
     </span>
     <span class='ocr_line' id='line_1_36' title="bbox 93 3157 959 3254; baseline 0.001 -28"><span class='ocrx_word' id='word_1_272' title='bbox 93 3166 199 3243; x_wconf 78' lang='grc' dir='ltr'>ἅνδρῶν</span> <span class='ocrx_word' id='word_1_273' title='bbox 208 3169 337 3250; x_wconf 76' lang='grc' dir='ltr'>ἐρήμους·</span> <span class='ocrx_word' id='word_1_274' title='bbox 350 3173 398 3234; x_wconf 78' lang='grc' dir='ltr'>οἶα</span> <span class='ocrx_word' id='word_1_275' title='bbox 408 3172 441 3234; x_wconf 75' lang='grc' dir='ltr'>δέ</span> <span class='ocrx_word' id='word_1_276' title='bbox 453 3178 572 3254; x_wconf 75' lang='grc' dir='ltr'>κεινῇσι</span> <span class='ocrx_word' id='word_1_277' title='bbox 583 3167 795 3231; x_wconf 61' lang='grc' dir='ltr'>ἐπιπεσόντες,</span> <span class='ocrx_word' id='word_1_278' title='bbox 804 3157 959 3212; x_wconf 50' lang='lat' dir='ltr'>&amp;mm</span> 
     </span>
     <span class='ocr_line' id='line_1_37' title="bbox 80 3256 739 3339; baseline -0.005 -18"><span class='ocrx_word' id='word_1_279' title='bbox 80 3256 234 3339; x_wconf 72' lang='grc' dir='ltr'>Κατέσχον.</span> <span class='ocrx_word' id='word_1_280' title='bbox 281 3264 309 3323; x_wconf 79' lang='grc' dir='ltr'>οἱ</span> <span class='ocrx_word' id='word_1_281' title='bbox 325 3263 359 3325; x_wconf 83' lang='grc' dir='ltr'>δὲ</span> <span class='ocrx_word' id='word_1_282' title='bbox 372 3264 510 3329; x_wconf 86' lang='grc' dir='ltr'>Παίονες</span> <span class='ocrx_word' id='word_1_283' title='bbox 525 3263 565 3327; x_wconf 78' lang='grc' dir='ltr'>ὧς</span> <span class='ocrx_word' id='word_1_284' title='bbox 582 3257 739 3321; x_wconf 70' lang='grc' dir='ltr'>ἐπύθοντο</span> 
     </span>
    </p>
   </div>
   <div class='ocr_carea' id='block_1_3' title="bbox 753 3223 991 3319">
    <p class='ocr_par' dir='ltr' id='par_1_4' title="bbox 753 3223 991 3319">
     <span class='ocr_line' id='line_1_38' title="bbox 753 3223 991 3319; baseline -0.017 -17"><span class='ocrx_word' id='word_1_285' title='bbox 753 3251 812 3319; x_wconf 52' lang='lat' dir='ltr'>&#39;qo</span> <span class='ocrx_word' id='word_1_286' title='bbox 815 3239 869 3313; x_wconf 50' lang='grc' dir='ltr'>μὲν</span> <span class='ocrx_word' id='word_1_287' title='bbox 872 3252 915 3286; x_wconf 73' lang='lat'>⁰⁵</span> <span class='ocrx_word' id='word_1_288' title='bbox 924 3223 991 3279; x_wconf 45' lang='grc' dir='ltr'>’ὣς</span> 
     </span>
    </p>
   </div>
   <div class='ocr_carea' id='block_1_4' title="bbox 0 0 1016 3450">
    <p class='ocr_par' dir='ltr' id='par_1_5' title="bbox 0 0 1016 3450">
     <span class='ocr_line' id='line_1_39' title="bbox 0 0 1016 3450; baseline 0 0"><span class='ocrx_word' id='word_1_289' title='bbox 0 0 1016 3450; x_wconf 95' lang='lat' dir='ltr'> </span> 
     </span>
    </p>
   </div>
  </div>
 </body>
</html>
