2024 3450
131 125 240 191 οι-τι]
460 126 647 177 nomm.
886 129 930 178 ιιι

130 207 214 268 Ἰνδοὶ
229 208 399 286 ἐσεσάχατο,
412 208 622 286 προμετωπίδια
641 207 672 267 δέ
681 208 784 269 ’ἵππων
798 206 875 287 εἶχον
888 209 933 268 ἐπὶ

129 299 198 374 τῇσι
211 299 356 374 κεφαλῇσι
369 293 423 355 σύν
435 321 466 356 τε
478 299 556 356 τοῖσι
569 293 623 354 ῶσὶ
636 295 818 374 ἐκδεδαρμένα
831 296 878 355 καὶ
897 300 933 375 τῇ

130 387 231 463 λοφιῇ·
252 384 299 442 καὶ
312 381 372 443 άντὶ
385 386 437 460 μὲν
450 382 545 458 λόφου
558 384 577 459 ἡ
591 383 681 459 λοφιῆ
691 385 827 462 κατέχρα·
848 383 884 444 τά
904 385 934 444 δὲ

131 472 187 532 άπα
203 475 259 532 τῶν
280 472 371 531 ἵππων
389 470 460 547 ὀρθά
473 471 619 552 πεπηγότα
634 471 719 550 εἶχον·
740 471 934 548 προβλήματα

129 559 160 620 δέ
178 558 236 620 ἄντ’
250 558 377 620 άσπίδων
398 564 540 619 ἐποιεῦντο
554 559 676 638 γεράνων
691 558 783 635 δοράς.
825 560 931 634 Λίβυες
941 562 977 621 71

129 648 160 707 δέ
179 646 285 722 σκευὴν
304 650 356 723 μὲν
378 647 511 721 σκυτίνην
532 645 618 720 ἤϊσαν
640 646 757 725 ἔχοντες,
777 644 931 706 άκοντίοισι

129 736 159 795 δέ
183 734 358 796 ἐπικαύτοισι
382 733 544 811 χρεώμενοι·
569 730 692 811 ἄρχοντα
713 733 742 792 δὲ
765 735 932 812 παρείχοντο

131 822 295 902 Μασσάγην
316 821 366 881 τόν
386 821 526 897 Ὀαρίζου.
569 819 760 900 Παφλαγόνες
780 821 810 880 δέ
832 823 978 898 {arpa-72

129 910 243 970 τεύοντο
262 911 308 968 ἐπὶ
328 912 380 984 μὲν
400 913 467 986 τῇσι
489 911 635 986 κεφαλῇσι
650 908 759 986 ἔχοντες
772 907 872 986 κράνεα
885 935 932 968 πε·
965 912 969 919 ’

129 998 281 1078 πλεγμένα,
296 995 418 1058 άστίδας
437 997 466 1054 δὲ
485 996 613 1072 σμικράς,
628 996 731 1074 αἰχμάς
745 996 774 1056 δέ
794 995 827 1057 ού
846 997 931 1078 μεγά-

129 1089 191 1148 λας·
212 1085 284 1162 πρός
301 1085 339 1153 δέ,
353 1082 467 1143 α’κόντια
489 1083 535 1141 καὶ
557 1083 715 1162 ἐγχειρίδια·
736 1084 801 1161 περὶ
818 1085 848 1144 δέ
867 1086 932 1149 τοῦς

128 1171 223 1243 πόδας,
245 1172 349 1232 πέδιλα
373 1169 508 1249 ἐπιχώρια
532 1176 560 1233 ἐς
581 1171 673 1248 μέσην
697 1171 803 1248 κνήμην
826 1172 931 1232 άνατεί·

128 1284 221 1320 νοντα.
262 1260 366 1340 Λίγυες
379 1259 409 1318 δέ
423 1259 469 1317 καὶ
483 1259 623 1334 Ματιηνοὶ
637 1259 682 1318 καὶ
696 1259 887 1335 Μαριανδυνοί
897 1286 928 1320 τε

129 1347 175 1406 καὶ
188 1347 274 1424 Σύροι
292 1344 344 1422 την
365 1344 452 1422 αῦτην
468 1346 578 1425 ἔχοντες
591 1346 770 1426 Παφλαγόσι
785 1347 928 1424 ἐστρατεύ·
1006 1395 1009 1401 .

129 1459 203 1494 οντο·
224 1437 252 1493 οἱ
271 1434 302 1493 δέ
315 1433 399 1511 Σύροι
420 1431 498 1493 οὗτοι
511 1433 573 1493 -ύπδ
593 1434 726 1510 Περσέων
741 1435 929 1495 Καππαδόκαι

129 1523 286 1581 καλέονται·
308 1520 508 1601 Παφλαγόνων
520 1521 573 1598 μέν
586 1547 633 1581 νυν
648 1523 693 1581 καὶ
707 1526 858 1599 Ματιηνῶν
868 1528 929 1583 Δῶ·
970 1525 973 1529 ’

128 1634 176 1671 τος
191 1609 208 1669 ὁ
221 1609 411 1690 ’Μεγασίδρου
431 1607 511 1687 ἦρχε·
534 1610 733 1685 Μαριανδυνῶν
758 1611 787 1669 δὲ
812 1612 856 1669 καὶ
880 1618 928 1670 Λι-

128 1696 202 1772 γύων
219 1697 265 1756 καὶ
282 1696 377 1773 Σύρων
395 1696 530 1772 Γωβρύης
551 1695 567 1756 ὁ
582 1697 701 1773 Δαρείου
721 1724 750 1757 τε
772 1699 817 1756 καὶ
833 1697 928 1774 Ἀρτυ·

114 1783 246 1858 στοίνης.
287 1783 393 1865 Φρύγες
414 1784 444 1842 δέ
466 1781 613 1864 άγχοτάτω
633 1788 683 1859 τῆς
705 1790 927 1865 Παφλαγονικῆς
938 1787 976 1847 73

129 1871 232 1946 σκευήν
246 1871 329 1950 εἶχον,
339 1871 437 1952 ὀλίγον
450 1870 713 1949 παραλλάσσοντες·
729 1876 755 1931 οἱ
769 1874 798 1932 δὲ
812 1871 927 1954 Φρύγες,

129 1956 165 2020 ῶς
188 1957 348 2023 Μακεδόνες
372 1960 499 2038 λέγουσι,
526 1960 673 2019 ἐκαλέοντο
701 1961 801 2040 Βρίγες
826 1960 928 2038 χρόνον

128 2043 199 2106 ὅσον
221 2046 380 2124 Εύρωπήῖοι
408 2045 497 2109 ἐόντες
523 2046 647 2128 σύνοικοι
673 2046 747 2122 ἦσαν
771 2047 927 2124 Μακεδόσι·

127 2134 301 2210 μεταβάντες
318 2135 349 2194 δέ
369 2140 397 2198 ἐς
415 2133 468 2210 την
487 2133 596 2209 Ἀσίην,
611 2132 670 2208 ἅμα
682 2137 718 2210 τῇ
730 2132 807 2211 χάρη
829 2134 875 2192 καὶ
893 2134 927 2194 τό

129 2219 233 2298 οὔνομα
250 2223 411 2299 μετέβαλον
429 2227 457 2284 ἐς
474 2221 593 2301 Φρύγας.
634 2218 775 2298 Ἀρμένιοι
796 2222 824 2280 δέ
845 2222 925 2283 κατά-

127 2333 180 2386 περ
190 2309 297 2390 Φρύγες
306 2309 475 2389 ἐσεσάχατο,
490 2308 580 2372 ἐόντες
587 2313 703 2390 Φρυγῶν
716 2309 836 2370 άποικοι.
863 2311 926 2370 τού-

127 2419 182 2454 των
202 2399 421 2474 συναμφοτέρων
441 2396 512 2475 ἧρχε
532 2395 698 2476 Ἀρτόχμης,
717 2400 837 2475 Δαρείου
858 2399 928 2478 έχων

128 2481 277 2562 θυγατέρα.
318 2484 404 2543 Λυδοὶ
422 2484 452 2543 δὲ
472 2483 618 2564 ἀγχοτάτω
631 2489 686 2545 τῶν
697 2485 870 2562 Ἑλληνικῶν
891 2486 925 2546 εἶ·
936 2487 973 2547 74

127 2594 181 2645 χον
199 2568 284 2628 ὅπλα·
305 2569 345 2650 (οἱ
364 2571 394 2629 δὲ
406 2571 493 2630 Λυδοὶ
512 2573 634 2648 Μηίονες
654 2578 803 2634 ἐκαλεῦντο
821 2575 854 2634 τό
874 2575 926 2634 πά·

127 2659 188 2714 λαι·
208 2655 254 2714 ἐπὶ
267 2656 297 2715 δέ
309 2657 403 2716 Λυδοῦ
414 2662 464 2717 τοῦ
480 2657 583 2723 ’Λτυος
596 2661 682 2740 ἐσχον
697 2662 749 2738 την
762 2664 925 2739 ἐπωνυμίην,

126 2743 338 2819 μεταβαλόντες
357 2745 391 2805 τό
409 2743 534 2827 οὔνομα)
557 2750 655 2808 Μυσοὶ
675 2749 705 2808 δὲ
722 2750 769 2810 ἐπὶ
785 2752 837 2828 μὲν
857 2755 925 2830 τῇσι

128 2836 273 2912 κεφαλῇσι
292 2833 369 2913 εἶχον
388 2832 489 2910 κράνεα
511 2834 653 2914 ἐπιχώρια,
669 2835 791 2901 άσπίδας
811 2839 840 2897 δὲ
860 2863 925 2914 σμι-

128 2919 205 2996 κράς·
225 2920 380 2982 άκοντίοισι
393 2921 423 2980 δὲ
436 2923 571 3000 ἐχρέωντο
585 2923 767 2985 ἐπικαύτοισι·
787 2923 878 3004 (οῦτοι
896 2925 927 2984 δέ

128 3011 184 3068 εἰσι
196 3009 294 3071 Λυδῶν
313 3008 435 3070 άτοικοι·
456 3008 503 3070 ἀπ’
519 3009 683 3090 ὒῦλῦρττου
693 3012 734 3070 δῖε
749 3010 851 3083 οἷιοεος
862 3009 948 3060 καλὲ-

123 3120 201 3155 ονται
210 3097 439 3184 Ούλυμπιηνοίῆ
456 3100 557 3162 Λυδῶν
570 3100 608 3160 δῖ
621 3098 802 3159 καλλλυσῦω
813 3082 979 3189 διογκῑ’,λ*ς·

114 3182 263 3264 Ταῴέρνης
276 3189 295 3252 ὅ
307 3190 551 3272 Ἀρταφέρνεος,
562 3189 601 3253 ῦς
616 3193 646 3251 ἐς
654 3178 851 3259 Ἂψῑῦῧῐω
870 3159 1011 3282 ἱῗῷἳέ

109 3265 173 3343 ἅμα
184 3273 279 3340 Δάτι.
309 3281 453 3362 Θρήῖκες
468 3281 515 3355 δὲ,
531 3278 586 3341 ἐπὶ
604 3277 660 3354 μὶν
676 3273 762 3347 τ”ῂῦῑ
776 3253 951 3330 *φησι
