2024 3450
122 113 230 178 61-67]
422 114 608 175 Ποᾼτυυιι.
868 109 914 155 ιιο

120 194 136 253 ά
158 191 287 266 Ὀτάνεω,
321 190 461 268 Ὑρκάνιοι
485 191 515 248 δὲ
539 190 660 266 κατάπερ
683 191 795 267 Πέρσαι
818 185 917 247 ε’σεσά·

119 306 199 358 χατο,
213 277 338 360 ἡγεμόνα
357 277 543 356 παρεχόμενοι
562 276 734 356 Μεγάπανον
754 275 804 335 τόν
822 277 916 351 Βαβύ·

119 372 207 430 λῶνος
225 366 343 442 ὕστερον
363 365 465 424 τούτων
479 363 726 441 ἐπιτροπεύσαντα.
767 362 915 439 Ἀσσύριοι
927 363 965 421 63

120 455 149 513 δὲ
162 452 377 531 στρατευόμενοι
391 453 454 528 περὶ
464 455 515 527 μὲν
525 455 594 530 τῇσι
608 453 752 528 κεφαλῇσι
764 449 839 527 εἶχον
848 450 917 528 χάλ-

120 540 170 601 κεά
182 567 213 601 τε
227 541 328 618 κράνεα
342 541 387 598 καὶ
400 538 581 620 πεπλεγμένα
596 536 702 613 τρόπον
721 535 784 596 τινά
803 535 916 611 βάρβα·

120 655 170 704 ρον
194 628 244 688 οὐκ
270 626 458 707 εὐαπήγητον·
485 625 607 687 α’σπίδας
629 623 659 682 δέ
682 623 727 681 καὶ
748 622 851 700 αἰχμάς
874 623 920 680 καὶ

122 714 272 796 ἐγχειρίδια
284 712 472 790 παραπλήσια
484 716 553 791 τῇσι
566 711 738 792 Αἰγυπτίῃσι
752 709 837 789 εἶχον·
850 709 920 785 πρὸς

122 802 159 869 δὲ,
181 800 294 877 ῥόπαλα
316 798 406 869 ξύλων
428 800 603 877 τετυλωμένα
626 798 731 876 σιδήρῳ
750 798 796 856 καὶ
813 798 920 861 λινέους

123 887 257 964 θώρηκας·
285 884 361 948 οὗτοι
388 889 417 948 δέ
443 888 497 948 ὑπό
524 890 575 964 μὲν
600 886 745 963 Ἑλλήνων
772 887 920 947 ἐκαλέοντο
997 917 999 923 ·

123 975 226 1052 Σύριοι,
240 975 293 1036 ύπδ
308 975 337 1036 δὲ
350 980 405 1036 τάν
417 976 573 1054 βαρβάρων
586 974 735 1052 Ἀσσύριοι
748 972 919 1050 ἐκλήθησαν·

122 1063 225 1123 τούτων
245 1065 274 1124 δὲ
293 1065 405 1141 μεταξύ,
420 1065 569 1124 Χαλδαῖοι·
589 1061 661 1140 ἦρχε
680 1061 712 1121 δέ
728 1068 824 1138 σφεων
837 1060 919 1122 Ὀτά-

122 1176 198 1227 σπης
218 1151 234 1212 ό
254 1152 431 1231 Ἀρταχαίου.

163 1239 294 1317 Βάκτριοι
316 1240 346 1300 δέ
366 1241 430 1317 περὶ
450 1243 502 1316 μὲν
522 1245 591 1318 τῇσι
611 1242 756 1317 κεφαλῇσι
775 1236 919 1316 άγχότατα
929 1236 969 1294 64

121 1331 176 1387 τῶν
194 1329 326 1404 Μηδικῶν
347 1329 456 1406 ἔχοντες
473 1326 681 1402 ἐστρατεύοντο,
699 1324 768 1392 τόξα
786 1323 816 1381 δὲ
834 1321 920 1381 καλά·

122 1441 189 1490 μινα
210 1417 343 1493 ἐπιχώρια
364 1416 409 1473 καὶ
431 1413 533 1492 αἰχμάς
550 1413 685 1490 βραχέας.
728 1410 817 1474 Σάκαι
835 1410 864 1469 δὲ
882 1408 921 1490 [οἱ

124 1501 240 1582 Σκύθαι]
256 1501 319 1577 περὶ
338 1503 390 1577 μὲν
408 1505 476 1578 τῇσι
496 1503 640 1576 κεφαλῇσι
661 1497 818 1574 κυρβασίας
832 1501 859 1558 ἐς
871 1495 922 1566 ὀξύ

124 1580 276 1668 άπιγμένας
301 1587 386 1664 ὀρθάς
412 1587 488 1665 εἶχον
513 1586 676 1666 πεπηγυίας,
704 1583 866 1660 α’ναξυρίδας
889 1582 920 1642 δὲ

124 1674 310 1734 ἐνδεδίκεσαν·
331 1673 400 1744 τόξα
412 1673 441 1733 δὲ
455 1671 596 1752 ἐπιχώρια,
612 1673 658 1731 καὶ
678 1672 836 1752 ἐγχειρίδια,
851 1671 921 1748 πρός

124 1764 153 1821 δὲ
177 1764 222 1820 καὶ
245 1762 338 1831 ἀξίνας
359 1760 479 1843 σαγάρις
505 1760 593 1840 εἶχον·
622 1759 746 1838 (τούτους
769 1759 798 1818 δὲ
824 1758 920 1823 ἐόντας

125 1849 234 1915 Σκύθας
245 1849 411 1930 Ἀμυργίους
431 1847 523 1914 Σάκας
542 1847 666 1908 ἐκάλεον·
688 1850 716 1908 οἱ
732 1846 787 1928 γάρ
808 1846 921 1924 Πέρσαι

123 1937 228 2000 πάντας
250 1936 314 2001 τοῦς
339 1936 448 2002 Σκύθας
474 1935 609 1996 καλέουσι
635 1935 750 2014 Σάκας)
775 1935 921 2012 Βακτρίων

123 2025 219 2085 δὲκαὶ
240 2026 350 2090 Σακέων
367 2023 438 2103 ἦρχε
452 2023 626 2100 Ὑστάσπης,
647 2022 663 2084 ό
684 2022 803 2098 Δαρείου
820 2048 851 2082 τε
873 2021 920 2081 καὶ

122 2113 264 2190 Ἀτόσσης
283 2117 333 2189 τῆς
354 2111 460 2190 Κύρου.
500 2110 582 2172 Ἰνδοὶ
603 2111 633 2171 δέ
656 2110 755 2186 εἵματα
774 2111 826 2185 μὲν
848 2109 918 2168 ἐνδε·
930 2110 969 2169 65

123 2201 233 2265 δυκότες
254 2200 310 2262 dm}
331 2199 421 2270 ξύλων
439 2198 620 2276 πεποιημένα,
640 2196 709 2268 τόξα
730 2197 759 2255 δέ
782 2195 922 2274 καλάμινα

123 2287 199 2367 εἶχον
221 2288 268 2349 καὶ
288 2287 401 2351 ὀϊστούς
418 2288 597 2364 καλαμίνους·
617 2286 664 2347 ἐπὶ
683 2284 722 2354 δὲ,
741 2284 856 2362 σιδηρον
876 2282 921 2360 ἦν.

123 2378 291 2454 ἐσταλμένοι
303 2379 354 2452 μὲν
367 2376 401 2451 δή
414 2375 488 2450 ἦσαν
502 2374 572 2435 οὕτω
584 2374 676 2436 Ἰνδοί·
693 2371 921 2452 προσετετάχατο

123 2462 152 2521 δὲ
179 2464 431 2540 συστρατευόμενοι
457 2462 641 2543 Φαρναζάθρῃ
666 2466 705 2541 τῷ
729 2460 921 2538 Ἀρταβάτεω.

130 2541 213 2625 Ἁριοι
228 2550 258 2608 δέ
269 2549 378 2618 τόξοισι
390 2554 442 2627 μὲν
455 2552 653 2627 ἐσκευασμένοι
666 2550 741 2625 ἦσαν
755 2549 918 2625 Μηδικοῖσι,
930 2550 969 2608 66

49 2699 53 2708 ,
122 2635 157 2695 τά
177 2636 206 2694 δὲ
226 2634 303 2694 ἄλλα
323 2637 393 2696 κατά
406 2663 459 2714 περ
472 2637 614 2713 Βάκτριοι·
634 2635 734 2714 Ἀρίων
747 2637 777 2697 δὲ
790 2636 859 2715 ἦρχε
874 2639 921 2701 Σι-

123 2724 232 2801 σάμνης
245 2723 261 2784 ὅ
274 2722 429 2800 Ὑδάρνεος.
470 2724 583 2804 Πάρθοι
595 2725 625 2785 δὲ
638 2727 684 2784 καὶ
697 2724 858 2802 Χοράσμιοι
875 2724 921 2783 καὶ

123 2812 229 2894 Σογδοί
249 2838 280 2872 τε
301 2813 348 2872 καὶ
369 2811 515 2890 Γανδάριοι
539 2813 585 2873 καὶ
608 2813 734 2882 Δαδίκαι,
755 2812 807 2887 τήν
834 2809 920 2885 αὐτήν

123 2900 226 2976 σκευήν
239 2901 348 2980 ἔχοντες
360 2899 412 2975 τήν
425 2901 471 2959 καὶ
483 2899 625 2976 Βάκτριοι,
639 2897 845 2972 ἐστρατεύοντο·
859 2897 922 2956 τού-

124 3013 176 3047 των
200 2988 229 3047 δέ
251 2987 339 3066 ἦρχον
364 2987 429 3047 οἶδε·
458 2986 582 3065 Πάρθων
610 2989 658 3064 μὶν
686 2987 735 3042 καὶ
751 2981 940 3072 mummi&

123 3072 294 3150 Ἀρτάβαζος
308 3075 325 3137 ά
339 3076 504 3157 Φαρνάκεω·
526 3077 651 3158 Σογδῶν
666 3070 718 3132 δῖ
729 3065 849 3135 RQ*
867 3058 905 3154 δι
917 3061 975 3148 ᾖδ’

109 3160 199 3219 ταίου·
222 3166 395 3246 Γανδαρίων
413 3168 445 3230 δὲ
462 3169 513 3228 καὶ
530 3162 688 3228 Δαδικέων
699 3158 709 3177 ’
721 3148 884 3229 Μήδως
896 3162 914 3189 ³³
942 3135 1002 3190 δ’δ’

99 3270 136 3305 ra
162 3243 247 3312 άνου.
292 3254 443 3322 Κάσπιοι
459 3257 498 3320 δὲ
510 3253 674 3333 σωῦρνας
687 3267 730 3306 τε.
747 3218 969 3298 ὶυὶεὶυιεὸτες,
979 3223 1011 3253 κ..
