2024 3450
106 100 179 165 1-5]
421 103 573 150 ουικιιικ.
853 101 899 149 221

104 181 267 257 ἐπιτρέπειν·
289 179 460 257 α’ντιβάντων
479 180 508 238 δὲ
525 184 580 239 τῶν
598 180 762 259 συμμάχων,
781 178 854 239 εἶκον
874 181 901 237 οἶ

102 265 253 343 Ἀθηναῖοι,
268 271 342 350 μέγα
358 267 539 342 πεποιημένοι
555 271 688 342 περιεῖναι
706 267 757 341 τὴν
773 265 900 324 Ἑλλάδα

104 357 149 413 καὶ
167 357 279 435 γνόντες
300 362 323 415 εἲ
343 353 536 414 στασιάσουσι
555 354 619 428 περὶ
634 357 684 427 τῆς
700 352 848 432 ἡγεμονίης
866 353 901 417 ὦς

103 441 252 503 α’πολέεται
272 444 291 520 ἦ
310 443 425 510 Ἑλλάς,
446 439 517 518 ὀρθά
538 444 670 501 νοεῦντες.
711 439 825 520 [στάσις
844 441 900 520 γὰρ

103 531 228 606 ἔμφυλος
246 530 374 607 πολέμου
401 527 623 605 ὁμοφρονέοντος
650 526 778 604 τοσούτῳ
806 527 900 586 κάκιόν

102 622 171 689 ε’στι,
186 619 244 698 ὅσῳ
259 619 384 695 πόλεμος
403 615 531 696 εἰρήνης]
575 612 755 690 ἐπιστάμενοι
774 612 810 671 ὧν
831 612 899 673 αῦτό

101 711 192 778 τοῦτο,
212 707 262 766 οὐκ
280 706 441 772 ἀντέτεινον,
455 702 521 763 ἀλλ’
536 701 609 762 εἶκον
625 703 710 780 μέχρι
728 699 798 761 ὅσου
812 701 900 778 κάρτα

102 792 210 851 ε’δέοντο
224 792 322 861 αὐτῶν,
337 791 372 854 (ῦς
385 791 516 860 διέδεξαν·
538 789 573 853 ὥς
585 789 639 871 γάρ
654 789 688 865 δη
700 788 839 866 ὠσάμενοι
853 789 902 850 τόν

102 879 217 954 Πέρσεα
234 880 296 956 περὶ
311 883 362 955 τῆς
381 879 484 938 ἐκείνου
501 878 554 954 ἤδη
572 878 622 937 τόν
638 876 732 959 άγιῦνα
748 882 897 950 ἐποιεῦντο,

101 965 246 1042 πρόφασιν
258 967 310 1043 τήν
324 967 490 1027 Παυσανίεω
503 964 586 1044 ῦβριν
596 964 806 1045 προϊσχόμενοι,
821 965 898 1025 α’πεί·

100 1057 185 1113 λοντο
204 1055 256 1130 τήν
274 1055 425 1136 ἡγεμονίην
449 1053 513 1117 τοῦς
536 1054 779 1131 Λακεδαιμονίους.
820 1053 898 1114 ἄλλά

99 1146 185 1201 ταῦτα
197 1145 249 1218 μὲν
262 1141 380 1221 ὕστερον
394 1143 511 1224 ἐγένετο.

138 1229 208 1290 Τότε
227 1230 257 1290 δὲ
278 1229 355 1292 οῦτοι
378 1235 405 1290 οἱ
426 1232 472 1289 καὶ
492 1228 534 1288 ἐπ’
553 1229 733 1307 Ἀρτεμίσιον
752 1229 925 1304 Ἐλλήνων4

98 1316 268 1395 α’πικόμενοι,
296 1318 331 1381 ὦς
352 1317 424 1378 εἶδον
444 1319 506 1379 νέας
520 1343 557 1376 ·τε
579 1317 691 1379 πολλαὶς
712 1316 898 1393 καταχθείσας

99 1410 125 1465 ε’ς
150 1406 200 1466 τάς
225 1405 348 1480 Ἀφέτας
375 1406 420 1462 καὶ
440 1408 574 1479 στρατιῆς
601 1402 710 1462 ἅπαντα
734 1403 816 1471 πλέα,
838 1404 898 1461 ἐπεὶ

98 1490 208 1549 αῦτοῖσι
234 1491 310 1567 παραὶ
338 1491 420 1560 δόξαν
440 1489 476 1550 τά
496 1489 647 1570 πρήγματα
666 1493 721 1548 τῶν
741 1487 898 1567 βαρβάρων
963 1520 966 1525 ’

98 1576 233 1652 ἐπέβαινε
250 1576 269 1651 ἢ
287 1578 321 1639 ὡς
339 1577 417 1636 αὐτοὶ
438 1576 606 1646 κατεδόκεον,
626 1576 897 1653 καταρρωδήσαντες,

98 1662 225 1740 δρησμὸν
238 1663 389 1739 ε’βοῦλευον
406 1663 462 1722 άπό
480 1667 531 1724 τοῦ
543 1662 722 1741 Ἀρτεμισίου
736 1665 790 1722 ἔσω
806 1668 834 1727 ές
846 1663 898 1741 τὴν

96 1747 233 1808 Ἑλλάδα·
253 1751 365 1832 γνόντες
383 1752 414 1810 δέ
431 1757 522 1826 σφεας
540 1754 567 1810 οἱ
584 1750 707 1827 Εὐβοέες
725 1754 814 1813 ταῦτα
828 1753 898 1828 βου·

96 1838 270 1915 λευομένους,
290 1839 398 1898 ἐδέοντο
415 1837 594 1915 Εὐρυβιάδεω
613 1844 782 1916 προσμεῖναι
794 1838 897 1918 χρόνον

97 1925 202 2005 ὀλίγον,
230 1925 287 1986 ἔστ’
313 1923 348 1986 ἂν
373 1925 452 1986 αὐτοὶ
475 1926 557 1986 τέκνα
578 1952 610 1987 τε
637 1927 682 1985 καὶ
704 1927 768 1990 τοῦς
790 1929 897 1991 οἰκέτας

95 2010 289 2074 ὑπεκθέωνται·
318 2013 366 2077 -ιῦς
386 2013 409 2074 δ’
430 2013 480 2073 οῦκ
507 2014 623 2084 ἔπειθον,
647 2015 821 2091 μεταβάντες
846 2014 897 2075 τόν

94 2098 247 2176 Ἀθηναίων
275 2101 436 2184 στρατηγόν
468 2103 598 2163 πείθουσι
612 2102 822 2179 ’Θεμιστοκλέα
850 2102 896 2163 ε’πὶ

94 2190 187 2269 μισθῷ
198 2189 347 2266 τριήκοντα
359 2190 532 2261 ταλάντοισι,
547 2188 589 2248 ἐπ’
603 2187 624 2270 ᾧ
639 2215 670 2253 τε
686 2189 896 2267 καταμείναντες

94 2277 149 2352 πρό
162 2282 212 2353 τῆς
224 2277 350 2355 Εὐβοίης
362 2277 530 2354 ποιήσονται
542 2276 594 2354 τὴν
610 2278 775 2357 ναυμαχίην.
816 2277 850 2336 '0
865 2277 921 2338 δὲὸ

94 2367 302 2441 Θεμιστοκλέης
313 2381 316 2385 ’
327 2366 392 2430 τοῦς
412 2365 557 2442 Ἕλληνας
578 2369 705 2445 ε’πισχεῖν
725 2363 777 2425 ὧδε
796 2366 893 2425 ποιέει·

93 2451 256 2530 Εὐρυβιάδῃ
275 2451 379 2514 τούτων
391 2458 456 2514 τῶν
475 2452 625 2533 χρημάτων
648 2453 792 2530 μεταδιδοῖ
810 2454 893 2514 πέντε

92 2537 226 2607 τάλαντα,
248 2537 283 2602 ὥς
301 2538 367 2616 παρ’
388 2544 489 2600 ἑωυτοῦ
509 2542 592 2616 δῆθεν
613 2533 712 2605 διδούς·
760 2540 795 2605 ὥς
816 2542 847 2601 δέ
867 2545 894 2602 οἱ

93 2621 174 2689 οὗτος
200 2625 391 2698 ἀνεπέπειστο,
422 2623 615 2708 (Αδείμαντάς
642 2628 697 2709 γάρ
724 2628 740 2688 ὁ
766 2628 891 2700 Ὠκύτου,

91 2714 240 2791 Κορίνθιος
256 2714 425 2795 στρατηγός,
438 2719 493 2776 τῶν
512 2719 619 2776 λοιπῶν
638 2715 761 2794 ἤσπαιρε
779 2722 890 2794 μοῦνος,

92 2799 216 2878 φάμενος
231 2801 459 2874 άτςσπλάσεσθαί
469 2829 501 2863 τε
521 2802 577 2864 άπδ
590 2807 640 2864 τοῦ
653 2803 832 2882 Ἀρτεμισίου
845 2805 891 2862 καὶ

91 2887 123 2948 οῦ
135 2891 337 2971 παραμενέειν,)
346 2889 417 2967 πρὸς
430 2891 463 2968 δὴ
473 2895 572 2952 τοῦτον
583 2890 643 2952 εἶπε
656 2891 672 2952 ὁ
683 2892 891 2968 Θεμιστοκλέης

91 2977 242 3053 ἐπομόσας·
274 2976 334 3038 “οῦ
355 2977 394 3038 σῦ
413 3006 447 3060 γε
466 2979 553 3056 ἡμέας
574 2979 744 3056 ἀπολείψεις,
767 2978 829 3037 ε’πεί
846 3003 890 3037 τοι

91 3064 145 3142 ε’γώ
159 3066 233 3139 μέζω
250 3067 325 3143 δῶρα
345 3065 425 3126 δάσω
445 3065 463 3143 ἢ
485 3066 627 3144 βασιλεῦς
644 3065 677 3124 ἴιυ
696 3090 746 3123 τοι
763 3063 907 3130 ὃλλὴλυυν

88 3151 206 3229 πέμψειε
230 3152 404 3218 α’πολιπάντι
419 3157 499 3220 ποῦς
532 3150 734 3234 συμμάχους·“
778 3144 878 3202 ταῦτα
901 3158 943 3190 ‘³2

69 3235 136 3367 illl?
150 3237 276 3369 q‘zgpwg,
292 3245 341 3306 καὶ
361 3246 479 3326 πέμπει
498 3246 553 3307 ἐπὶ
569 3244 629 3320 τὴν
650 3240 711 3301 νἐα.
724 3235 782 3307 τὴν
792 3229 801 3248 ’
813 3215 967 3288 ffimm'w-
