2024 3450
109 112 248 176 ιιι-ιιι]
462 115 575 164 mma.
612 104 615 112 '
859 119 902 166 ιιι

106 195 238 272 Ἀμύριος
250 199 301 254 τοῦ
314 198 411 272 σοφοῦ
424 197 577 275 λεγομένου
593 195 668 260 πάϊς·
690 194 767 256 οὗτοι
785 199 838 275 μὲν
851 196 908 258 άπό

105 280 228 358 Ἰταλίης
241 281 340 357 ἦλθον.
382 287 412 341 ε’κ
426 282 456 340 δὲ
468 286 518 340 τοῦ
533 283 641 343 κόλπου
653 287 704 344 τοῦ
716 283 825 355 Ἰονίου,
838 285 906 362 Ἀμ-

107 372 267 448 φίμνηστος
286 369 481 448 Ἐπιστρόφου
503 368 696 447 Ἐπιδάμνιος·
721 370 801 436 οὗτος
824 373 854 433 δὲ
878 379 908 433 έκ

106 463 156 517 τοῦ
179 459 279 519 Ἰονίου
304 458 421 518 κόλπου.
462 456 588 520 Αἰτωλός
612 458 641 516 δὲ
664 457 744 533 ἦλθε,
769 459 908 537 Τιτόρμου

106 549 155 605 τοῦ
169 546 343 624 ύπερφύντος
356 572 387 605 τε
394 545 540 622 Ἕλληνας
555 545 632 623 ἰσχύϊ
646 546 691 602 καὶ
705 544 844 625 φυγόντος
860 547 907 606 άν-

107 632 232 710 θριόπους
246 639 273 696 ἐς
285 633 336 696 τός
349 633 483 711 ἐσχατιάς
495 637 546 707 τῆς
558 632 711 694 Αἰτωλίδος
729 631 830 710 χώρης,
843 633 906 691 τού-

106 746 156 779 του
176 726 226 780 τοῦ
242 720 382 795 Τιτόρμου
404 719 542 795 ἀδελφεός
560 719 673 795 Μάλης·
695 718 752 778 α’πό
771 720 800 777 δὲ
815 724 908 778 Πελο-

106 808 258 883 ποννήσου,
286 807 419 870 Φειδωνος
445 812 494 868 τοῦ
521 807 653 888 Ἀργείων
679 807 813 883 τυράννου
841 807 906 871 πάϊς

106 895 261 971 Λεωκήδης,
286 896 419 959 Φείδωνος
443 896 472 955 δὲ
495 900 546 956 τοῦ
568 895 604 956 τά
625 898 714 973 μέτρα
735 895 907 970 ποιήσαντος

107 983 367 1059 Πελοποννησίοισι
381 985 426 1043 καὶ
439 985 610 1062 ὑβρίσαντος
622 987 744 1065 μέγιστα
758 983 792 1060 δή
803 984 907 1060 Ἑλλή-

107 1097 158 1130 νων
171 1072 307 1142 άπάντων,
323 1071 353 1136 ὃς
367 1074 560 1150 ἐξαναστήσας
580 1074 644 1137 τούς
662 1073 782 1133 Ἠλείων
802 1074 905 1155 άγωνο-

107 1159 187 1223 θέτας
207 1161 290 1240 αύτός
310 1161 359 1220 τόν
377 1167 406 1221 ε’ν
418 1162 562 1240 Ὀλυμπίῃ
579 1161 672 1243 άγῶνα
693 1163 783 1237 ἔθηκε·
804 1161 908 1221 τούτου

106 1272 136 1305 τε
160 1248 193 1323 δή
217 1250 290 1317 πάϊς,
305 1248 360 1305 καὶ
382 1248 531 1324 Ἀμίαντος
554 1249 726 1328 Λυκούργου,
750 1247 854 1324 Ἀρκάς
877 1254 906 1306 ε’κ

107 1337 322 1410 Τραπεζοῦντος·
344 1336 390 1392 καὶ
401 1335 487 1410 Ἀζὴν
501 1342 530 1393 ἔκ
541 1337 634 1392 Παίου
647 1336 748 1396 πόλιος
759 1333 905 1408 Λαφάνης,

107 1419 285 1497 Εὐφορίωνος
297 1424 348 1478 τοῦ
362 1421 511 1496 δεξαμένου
523 1446 554 1478 τε
573 1420 621 1495 (οἷς
634 1421 719 1499 λόγος
732 1425 762 1477 ἐν
774 1419 908 1496 Ἀρκαδίῃ

108 1506 231 1583 λέγεται)
244 1505 309 1567 τούς
326 1507 515 1581 Διοσκούρους
536 1507 649 1563 οἰκίοισι
670 1507 716 1562 καὶ
734 1505 790 1563 ἀπό
807 1504 907 1562 τούτου

109 1590 324 1657 ξεινοδοκέοντος
337 1590 442 1652 πάντας
457 1590 626 1667 ἀνθρώπους·
648 1592 694 1648 καὶ
703 1591 817 1652 Ἠλεῖος
828 1589 913 1649 Ὀνο·’

108 1677 217 1753 μαστός
229 1677 354 1758 Ἀγαίου·
377 1676 453 1736 οὗτοι
472 1680 523 1752 μὲν
536 1677 569 1752 δη
585 1677 615 1746 ἐξ
627 1675 712 1751 αὐτῆς
726 1676 905 1750 Πελοποννή-

109 1791 163 1824 σου
181 1764 278 1840 ἦλθον.
322 1769 351 1824 ἔκ
376 1765 406 1823 δὲ
425 1763 565 1839 Ἀθηνέων
587 1764 719 1824 άπίκοντο
741 1763 908 1844 Μεγακλέης

107 1879 138 1913 τε
151 1853 167 1913 ό
179 1853 370 1930 Ἀλκμαίωνος
387 1852 487 1912 τούτου
504 1856 555 1912 τοῦ
576 1851 652 1928 παρά
665 1857 793 1930 Κροῖσον
811 1850 908 1911 άπικο·

106 1943 199 2018 μένου,
218 1943 265 2000 καὶ
285 1941 374 2005 ἄλλος
395 1941 591 2017 Ἱπποκλείδης
612 1941 776 2018 Τισάνδρου,
795 1939 908 2019 πλούτῳ

108 2031 153 2088 καὶ
174 2031 239 2090 εἴδεϊ
259 2031 408 2106 προφέρων
429 2027 591 2105 Ἀθηναίων.
633 2027 689 2088 α’πό
711 2029 741 2086 δὲ
756 2027 906 2103 Ἐρετρίης,

108 2117 243 2194 ἀνθεύσης
264 2122 363 2178 τοῦτον
385 2116 436 2178 τόν
459 2117 569 2197 χρόνον,
593 2118 744 2191 Λυσανίης·
773 2112 853 2176 οὗτος
877 2114 907 2172 δὲ

108 2203 153 2264 ἀπ’
175 2207 301 2283 Εὐβοίης
321 2210 432 2282 μοῦνος·
475 2210 505 2264 ἐκ
526 2206 555 2264 δὲ
568 2205 740 2279 Θεσσαλίης
759 2202 832 2279 ἦλθε
852 2206 907 2262 τῶν

108 2294 272 2355 Σκοπαδέων
295 2295 478 2370 Διοκτοριδης
496 2293 665 2370 Κρανιόνιος·
686 2297 717 2351 ε’κ
737 2292 767 2351 δὲ
788 2294 906 2350 Μολοσ-

108 2385 165 2439 σῶν
180 2381 303 2441 Ἀλκων·
323 2387 456 2442 τοσοῦτοι
478 2384 529 2458 μὲν
551 2383 678 2463 ἐγένοντο
695 2384 720 2440 οἱ
738 2384 906 2458 μνηστῆρες.

107 2465 295 2542 Ἀπικομένων
314 2470 343 2527 δὲ
361 2469 465 2528 τούτων
481 2474 509 2532 ε’ς
524 2470 574 2543 την
596 2470 802 2546 προειρημένην
817 2468 883 2544 ἦμέ-
897 2471 959 2542 128,

107 2576 167 2628 ρην,
181 2554 196 2612 ὁ
211 2557 387 2630 Κλεισθένης
404 2561 500 2633 πρῶτοι
516 2559 567 2633 μὲν
581 2557 630 2618 τάς
643 2557 750 2634 πάτρας
768 2583 800 2616 τε
819 2555 908 2616 αὐτῶν

108 2640 260 2700 ἀνεπύθετο
281 2642 326 2699 καὶ
341 2643 421 2722 γένος
435 2642 563 2702 ἑκάστου·
584 2643 655 2719 μετά
669 2644 706 2713 δὲ,
721 2645 843 2723 κατέχων
857 2650 907 2703 ε’νι-

108 2729 191 2788 αυτόν
208 2729 365 2805 διεπειρᾶτο
384 2728 472 2790 αύτῶν
489 2735 539 2806 τῆς
551 2758 582 2790 τε
595 2731 779 2812 ἀνδραγαθίης
797 2733 908 2808 καὶτῆς

108 2815 200 2897 όργῆς,
216 2818 262 2875 καὶ
276 2817 437 2880 παιδεύσιός
449 2844 480 2876 τε
495 2820 540 2876 καὶ
553 2819 667 2895 τρόπου·
687 2821 733 2877 καὶ
746 2820 785 2879 ἑνὶ
800 2819 907 2898 ἑκάστῳ

109 2905 155 2963 ῖών
168 2909 195 2968 ἒς
209 2906 361 2980 συνουσίην
379 2906 425 2963 καὶ
444 2906 596 2976 συνάπασι,
612 2908 657 2965 καὶ
674 2913 700 2969 ἐς
719 2906 861 2987 γυμνάσιά
876 2932 907 2965 τε

109 2991 252 3072 ἐξαγινέων
266 2993 329 3052 ὅσοι
343 2992 417 3070 ἦσαν
433 2993 523 3055 αὐτῶν
536 2995 681 3072 νεώτεροι,
694 2996 754 3060 mix,
763 2993 801 3048 ςἰυ
818 3015 858 3065 Ἰ·-
877 2993 926 3058 δὲ·

103 3102 210 3156 γιστον,
222 3085 252 3142 ε’ν
265 3109 302 3164 τῃ
316 3085 460 3166 συνεστίῃ
473 3085 653 3162 διεπειρᾶτο·
668 3081 745 3139 ιὀσον
759 3075 823 3154 ςγδι)
881 3077 883 3080 ’
898 3071 917 3164 ⁸,

90 3165 202 3240 χρόνον
215 3169 332 3246 αὐτούς,
348 3179 460 3238 τοῦτον
475 3175 582 3237 πάντα
598 3171 700 3232 ἐποὶεε
714 3159 852 3229 mmm
858 3142 992 3211 affl&

82 3259 357 3336 μεγαλοπρεπέως.
408 3267 464 3327 καὶ
480 3265 524 3344 δή
549 3288 607 3326 κου
630 3258 784 3340 μάλιστα
793 3244 858 3302 ’ὧν
876 3236 992 3304 ww*
