2024 3450
59 127 63 133 ·
118 115 225 179 ,κο-ιο]
433 114 618 165 Ποκακυῐι.
874 117 917 164 ια

118 196 222 271 μίζετο,
236 191 272 252 τὰ
293 194 415 268 ἔμπαλιν
435 192 573 267 πρήσσων
592 196 642 252 τοῦ
655 193 749 264 πεζοῦ·
770 192 851 269 όμέν
864 194 918 274 γάρ

118 283 187 359 πρός
206 282 328 357 ἕσπέρην
348 280 429 338 ἐπλεε
448 280 494 338 ἐπὶ
512 280 703 356 Σαρπηδονίης
723 278 808 357 ἄκρης
827 280 918 341 ποιεύ-

117 398 198 448 μενος
211 369 264 445 τήν
279 369 380 438 ἄπιξιν,
396 373 423 430 ἐς
436 366 489 443 τήν
506 367 581 445 αύτῷ
598 369 747 444 προείρητο
761 368 918 449 ἀπικομένῳ

118 460 281 536 περιμένειν·
303 456 319 515 ό
342 457 371 515 δέ
394 455 452 515 κατ’
467 453 584 532 ἤπειρον
602 456 723 532 στρατός
740 455 810 531 πρός
829 456 870 531 ήῶ
887 484 918 517 τε

118 547 163 605 καὶ
183 545 267 622 ήλίου
287 544 427 606 ἀνατολάς
448 544 571 602 ἐποιέετο
584 542 636 618 τήν
650 542 715 602 όδόν
728 541 773 602 διό
785 547 835 618 τῆς
848 551 918 620 Χερ-

119 633 253 708 σονήσου,
268 638 297 690 ἐν
318 633 394 709 δεξιῇ
413 635 464 707 μὲν
486 633 554 710 ἔχων
571 630 620 690 τόν
635 630 745 705 Ἕλλης
761 629 852 704 τάφον
869 636 919 706 τῆς

118 719 301 796 Ἀθάμαντος,
317 725 346 778 ἐν
363 717 497 798 ἀριστερῇ
518 719 553 778 δὲ·
561 719 686 796 Καρδίην
701 716 795 786 πόλιν,
810 716 854 775 διά
868 718 916 794 μέ-

120 833 172 881 σης
186 808 216 865 δὲ
229 807 414 882 πορευόμενος
425 806 525 870 πόλιος
540 833 576 886 τη
597 805 702 881 ούνομα
721 805 852 886 τυγχάνει
873 804 918 864 ε’όν

119 892 234 973 Ἀγορή·
258 896 382 954 ἐνθεῦτεν
402 894 432 953 δὲ
453 895 585 971 κάμπτων
604 893 653 954 τόν
674 894 781 953 κόλπον
797 893 847 953 τόν
860 894 917 952 Μέ-

58 1014 60 1019 ’
120 987 192 1042 λανα
219 983 396 1061 καλεόμενον,
418 984 464 1042 καὶ
484 985 603 1043 Μέλανα
624 983 758 1058 ποταμόν,
781 981 830 1042 ούκ
855 981 917 1042 όντ-

120 1071 237 1149 ισχόντα
251 1070 315 1131 τότε
325 1075 488 1150 τῇστρατιῇ
497 1071 530 1131 τό
539 1073 654 1148 ῥέεθρον
667 1069 732 1129 ἀλλ’
744 1070 917 1140 ἐπιλιπόντα,

119 1164 216 1220 τοῦτον
236 1159 287 1220 τόν
308 1159 437 1236 ποταμόν
458 1159 561 1237 διαβάς
579 1158 633 1240 (ἐπ’
653 1157 685 1218 οὗ
707 1157 789 1217 καὶό
812 1159 918 1221 κόλπος

119 1246 198 1311 οὗτος
215 1247 268 1324 τήν
290 1249 445 1323 ἐπωνυμίην
458 1248 526 1326 ἔχει)
544 1247 588 1321 ήῖε
601 1246 671 1322 πρός
690 1247 818 1321 ἕσπέρην,
834 1247 918 1306 Αἶνόν

118 1361 148 1394 τε
169 1336 252 1396 πόλιν
265 1336 384 1395 Αἰολίδα
406 1336 452 1393 καὶ
466 1334 631 1409 Στεντορίδα
650 1334 753 1408 λίμνην
771 1332 916 1407 παρεξιων,

120 1429 147 1484 ἐς
159 1423 175 1481 δ
189 1422 304 1482 άπίκετο
318 1429 345 1484 ἐς
358 1423 511 1496 Δορίσκον.
545 1421 581 1478 ‘O
595 1421 624 1478 δέ
638 1420 778 1496 Δορίσκος
793 1420 853 1477 ἐστι
866 1423 916 1494 τῆς
925 1421 963 1479 59

120 1510 239 1584 Θρηίκης
254 1508 382 1588 αἰγιαλός
395 1533 425 1567 τε
439 1508 485 1566 καὶ
498 1507 594 1567 πεδίον
606 1508 688 1585 μέγα·
708 1505 767 1584 (διὰ
783 1506 814 1564 δέ
831 1505 917 1584 αὐτοῦ

119 1597 174 1671 ῥέει
194 1595 321 1671 ποταμός
340 1596 427 1674 μέγας
440 1593 571 1673 Ἕβρος)
594 1599 622 1653 ἐν
635 1597 673 1671 τῷ
686 1592 779 1671 τεῖχός
794 1619 826 1652 τε
847 1593 917 1652 ἐδέδ-

120 1709 191 1757 μητο
211 1681 491 1757 βασιλήϊον-τοῦτο
514 1680 547 1740 τό
571 1680 605 1757 δή
625 1681 766 1757 Δορίσκος
786 1682 918 1757 κέκληται

120 1770 206 1827 -καὶ
233 1771 367 1846 Περσέων
394 1769 504 1846 φρουρὴ
528 1774 557 1828 ἐν
583 1768 656 1848 αύτῷ
676 1769 842 1848 κατεστήκεε
862 1768 917 1830 ύπό

121 1858 239 1933 Δαρείου
260 1857 291 1926 ἐξ
309 1856 412 1916 ἐκείνου
430 1859 480 1916 τοῦ
498 1856 600 1935 χρόνου
617 1857 679 1917 ἐπεί
695 1882 726 1916 τε
736 1858 791 1917 ἐπὶ
807 1857 917 1922 Σκύθας

120 1943 309 2020 ἐστρατεύετο.
351 1944 427 2013 ἔδοξε
452 1943 490 2004 ὧν
515 1949 554 2023 τῷ
576 1945 666 2024 Ξέρξη
694 1944 710 2004 ό
732 1949 821 2023 χῶρος
849 1945 918 2005 εἶναι

119 2032 259 2107 ἐπιτήδεος
281 2032 437 2102 ἐνδιατάξαι
455 2058 488 2093 τε
508 2034 554 2091 καὶ
572 2033 758 2122 ἐξαριθμῆσαι
770 2033 819 2093 τόν
831 2059 916 2109 στρα-

117 2120 175 2180 τόν·
197 2122 243 2180 καὶ
257 2122 347 2179 ἐποίεε
359 2125 456 2180 ταῦτα.
497 2119 547 2182 τάς
559 2123 611 2197 μὲν
648 2119 733 2183 “νέας
752 2121 803 2184 τοὶς
822 2120 918 2184 πάσας

117 2207 286 2285 ἀπικομένας
310 2214 338 2272 ἐς
359 2208 502 2285 Δορίσκον
523 2211 550 2267 οῖ
571 2207 713 2287 ναύαρχοι,
736 2208 918 2272 κελαίσαντος

117 2297 232 2373 Ξέρξεω,
248 2301 275 2360 ἐς
287 2295 338 2357 τόν
352 2296 482 2378 αἰγιαλόν
493 2297 544 2356 τόν
557 2296 701 2375 προσεχέα
715 2296 846 2376 Δορίσκῳ
859 2297 916 2357 ἐκό-

116 2410 214 2459 μισαν·
236 2389 265 2443 ἐν
277 2389 316 2462 τῷ
330 2384 411 2460 Σάλη
423 2409 454 2444 τε
468 2384 659 2461 Σαμοθρηῖκίη
673 2385 844 2446 πεπόλισται
865 2385 915 2444 πό-
936 2398 941 2410 “

116 2476 161 2533 λις
185 2471 231 2529 καὶ
253 2471 338 2546 Ζιόνη,
360 2473 505 2532 τελευταία
527 2471 558 2530 δέ
579 2471 664 2531 αὐτοῦ
687 2474 823 2550 Σέρρειον,
846 2471 916 2549 όκρη

118 2556 273 2634 ὀνομαστή·
293 2557 310 2616 ό
328 2558 358 2616 δὲ
374 2562 466 2636 χῶρος
487 2557 568 2622 οὗτος
587 2558 621 2619 τό
638 2559 761 2620 παλαιόν
781 2559 816 2635 ἦν
834 2560 917 2619 Κικό-

118 2671 178 2704 νων.
221 2649 249 2708 ἐς
261 2649 360 2705 τοῦτον
372 2645 422 2705 τόν
434 2646 564 2728 αἰγιαλόν
582 2646 778 2726 κατασχόντες,
791 2647 842 2710 τὰς
855 2648 917 2710 νέας

117 2733 257 2813 ἀνέψυχον
275 2731 485 2798 ἀνελκύσαντες·
506 2733 523 2794 ό
537 2734 566 2793 δὲ
580 2740 610 2794 ἐν
621 2737 661 2813 τῷ
673 2735 804 2814 Δορίσκῳ
817 2740 917 2795 τοῦτον

116 2821 165 2882 τόν
180 2821 284 2900 χρόνον
297 2825 347 2897 τῆς
360 2825 495 2898 στρατιῆς
512 2820 631 2899 ἀριθμόν
651 2823 783 2883 ἐποιέετο.
820 2822 914 2883 Ὀσον
926 2820 963 2880 60

117 2910 167 2984 μέν
186 2936 234 2971 νυν
254 2911 368 2970 ἕκαστοι
384 2913 522 2987 παρεῖχον
541 2911 652 2984 πλῆθος
673 2914 700 2972 ἐς
719 2909 846 2986 ἀριθμόν,
868 2909 917 2968 οὐκ

118 2997 170 3073 ἐχω
190 2997 265 3057 εἶπαι
278 2997 311 3057 τδ
324 2996 445 3074 α’τρεκές·
468 2995 500 3056 ού
514 2996 572 3080 γὰρ
583 2997 705 3077 λέγεται
715 2995 793 3069 πρὶς
804 2993 939 3060 οἶιῖιαμῖου
948 3067 964 3080 „

111 3080 274 3159 α’νθροίπων·
301 3085 475 3166 σύμπαντος
497 3086 531 3147 δέ
554 3089 609 3147 τοῖι
635 3083 769 3158 στρατοὶ
795 3078 851 3130 τοῖι
876 3069 973 3164 1³21?ss

102 3167 136 3226 τό
153 3174 272 3248 πλῆθος
288 3177 388 3258 ἐφάιη
405 3177 629 3260 ἐβδομήκοντα
643 3169 698 3230 καὶ
709 3161 824 3224 ἐιεατδυ
842 3145 1012 3254 waw-

92 3255 302 3340 &wlepem
323 3268 359 3331 δὲ
378 3269 476 3333 τόνδε
491 3267 550 3331 τὸν
567 3263 704 3345 τρίπον·
730 3244 979 3318 ΝΔῬῬἮἙ
