2024 3450
141 111 187 157 19¹2
446 105 631 152 ἨΡΟΔΟΤΟΥ
860 100 941 165 [VII.

92 187 149 247 173
159 212 219 244 τινα
228 185 367 260 σωτηρίην
377 181 610 261 μηχανεωμενοι.”
630 186 717 242 ταῦτα
728 183 824 262 ἔλεγον
833 183 859 239 οἱ
869 188 944 240 Θεσ-

139 274 234 332 σαλοί.
277 275 313 329 Οῖ
334 272 363 329 δέ
376 271 515 346 Ἕλληνες
535 272 605 347 πρὸς
624 275 711 330 ταῦτα
733 267 944 345 ἐβουλεύσαντο

140 367 167 423 ἐς
186 360 351 433 Θεσσαλίην
368 360 486 434 πέμπειν
506 359 576 418 κατά
593 358 745 418 θάλασσαν
759 357 843 427 πεζόν
857 383 944 435 στρα-

138 447 194 518 τόν,
215 447 377 522 φυλάξοντα
397 447 448 521 τῆν
468 447 605 521 ἐσβολήν.
648 446 682 508 ὦς
701 446 730 504 δέ
747 446 905 523 συνελέχθη
928 449 945 505 ὁ

138 537 267 611 στρατός,
303 537 384 593 ἔπλεε
413 534 445 593 δι’
477 534 606 611 Εὐρίπου·
642 534 808 610 ἀπικόμενος
836 533 865 591 δὲ
892 539 945 608 τῆς

138 615 264 701 Ἀχαιίης
283 629 310 687 ἐς
323 623 422 692 Ἀλον,
437 622 549 697 άποβάς
568 623 713 700 ἐπορεύετο
728 627 754 683 ἐς
768 623 943 696 Θεσσαλίην,

137 711 188 774 τάς
200 712 262 774 νέας
273 711 356 770 αύτοΰ
371 706 538 770 καταλιπιύν·
561 711 607 768 καὶ
621 709 735 769 ἀπίκετο
747 715 774 772 ἐς
784 703 821 767 τά
829 710 944 786 Τέμπεα

142 804 169 862 ἐς
186 800 237 874 τῆν
254 799 391 875 ἐσβολὴν,
409 797 552 874 ῆπεράπδ
569 800 742 872 Μακεδονίης
760 802 809 871 τῆς
828 798 901 856 κάτω
915 803 944 861 ἐς

138 889 303 962 Θεσσαλίην
323 887 401 963 φέρει
419 886 495 962 παρά
509 886 630 961 Πηνειόν
644 885 779 962 ποταμόν,
794 886 897 960 μεταξύ
912 887 944 945 δὲ

139 973 294 1051 Οὐλύμπου
307 1000 338 1034 τε
352 973 447 1049 οὔρεος
461 972 541 1033 ἐόντα
554 974 600 1031 καὶ
613 977 663 1048 τῆς
672 972 795 1048 Ὄσσης.
824 974 944 1033 ἐνθαῦτα

138 1060 404 1138 ἐστρατοπεδεύοντο
422 1065 477 1120 τῶν
492 1061 637 1136 Ἑλλήνων
652 1062 722 1120 κατοὶ
735 1062 847 1138 μυρίους
861 1061 943 1121 ὁπλῖ-

137 1174 183 1207 ται
200 1149 394 1229 συλλεγέντες·
416 1150 464 1208 καί
480 1156 536 1224 σφι
555 1154 666 1225 προσῆν
679 1149 697 1224 ῆ
711 1153 766 1208 τῶν
783 1155 943 1208 Θεσσαλῶν

139 1236 232 1300 ἵππος·
254 1236 423 1318 ἐστρατήγεε
442 1237 472 1296 δέ
489 1237 712 1314 Λακεδαιμονίων
728 1239 780 1313 μὲν
794 1236 942 1301 Εὐαίνετος

138 1323 300 1401 όΚαρῆνου
319 1329 349 1384 ἐκ
368 1329 423 1385 τῶν
441 1325 628 1404 πολεμάρχων
642 1324 833 1401 ἀραιρημένος,
846 1326 943 1405 γένεος

69 1487 71 1491 y
138 1413 234 1488 μέντοι
254 1412 305 1472 ἐάν
324 1412 356 1472 ού
373 1417 424 1472 τοῦ
441 1414 606 1488 βασιληίου,
620 1411 774 1487 Ἀθηναίων
788 1412 817 1470 δέ
836 1419 941 1488 Θεμισ-

137 1502 254 1577 τοκλέης
281 1500 298 1560 ὁ
325 1502 475 1564 Νεοκλέος,
517 1502 625 1577 ἔμειναν
653 1501 681 1559 δέ
709 1499 808 1580 ὀλίγας
836 1499 942 1576 ἡμέρας

139 1589 265 1648 ἐνθαῦτα·
287 1587 450 1666 άπικόμενοι
463 1587 518 1669 γάρ
534 1589 650 1668 ἄγγελοι
664 1587 740 1663 παρὰ
754 1586 942 1664 Ἀλεξάνδρου

136 1680 187 1736 τοῦ
200 1675 347 1753 Ἀμύντεω,
363 1676 461 1752 α’νδρδς
480 1676 648 1745 Μακεδόνος,
664 1674 870 1750 συνεβούλευόν
884 1683 941 1751 σφι

138 1762 389 1833 ἀπαλλάσσεσθαι,
402 1765 473 1840 μηδὲ
489 1764 622 1839 μένοντας
638 1768 666 1822 ἐν
681 1767 716 1840 τῇ
731 1764 844 1839 ἐσβολῇ
858 1789 941 1820 κατα-

137 1853 295 1926 πατηθῆναι
313 1850 367 1910 im}
385 1855 435 1909 τοῦ
456 1856 579 1928 στρατοῦ
596 1850 728 1912 ἐπιόντος·
758 1851 942 1925 σημαίνοντες

138 1937 171 1997 τό
185 1938 294 2014 πλῆθός
306 1964 337 1997 τε
350 1943 400 2015 τῆς
413 1942 548 2016 στρατιῆς
562 1940 607 1998 καὶ
620 1938 670 2001 τοὶς
683 1939 754 1999 νέας·
773 1937 807 1999 ὥς
821 1937 850 1995 δὲ
863 1935 943 1997 οὗτοί

138 2033 194 2102 σφι
207 2030 294 2086 ταῦτα
308 2026 523 2102 συνεβούλευον,
538 2026 660 2105 (χρηστοὶ
678 2025 732 2105 γὰρ
747 2024 855 2083 ἐδόκεον
869 2051 941 2099 συμ-

136 2114 290 2190 βουλεύειν,
307 2115 355 2173 καί
366 2122 422 2190 σφι
436 2115 528 2178 εὔνοος
543 2116 671 2189 ἐφαίνετο
687 2112 737 2171 ἐάν
752 2112 767 2171 ὁ
782 2111 942 2191 Μακεδών)

139 2204 291 2280 ἐπείθοντο·
313 2204 416 2262 δοκέειν
432 2202 463 2261 δέ
473 2228 531 2278 μοι,
546 2201 665 2278 α’ρρωδίη
681 2200 716 2276 ῆν
734 2200 767 2260 τό
785 2201 889 2269 πεῖθον,
905 2200 942 2264 ὦς
970 2232 976 2240 ·

139 2289 273 2348 ἐπύθοντο
290 2291 336 2347 καὶ
354 2289 447 2363 άλλην
467 2293 569 2348 εὀὓσαν
589 2288 717 2364 ἐσβολῆν
731 2293 759 2352 ἐς
772 2287 942 2352 Θεσσαλούς

139 2375 209 2434 κατά
234 2376 286 2450 τῆν
312 2375 367 2435 άνω
399 2375 574 2451 Μακεδονίην
601 2375 647 2435 διά
673 2379 842 2453 Περραιβῶν
870 2380 942 2435 κατὰ

139 2462 241 2523 Γόννον
259 2462 352 2524 πόλιν·
379 2467 467 2542 τῆπερ
487 2462 520 2539 δῆ
542 2463 588 2522 καὶ
608 2463 732 2539 ἐσέβαλε
749 2464 767 2539 ῆ
785 2462 904 2541 στρατιῆ
922 2463 943 2540 ῆ

138 2550 255 2626 Ξέρξεω·
280 2550 452 2628 καταβάντες
472 2550 502 2610 δέ
525 2553 551 2610 οἳ
568 2549 708 2626 Ἕλληνες
730 2553 775 2610 ἐπὶ
796 2551 846 2614 τάς
869 2551 941 2621 νέας,

93 2638 150 2698 174
160 2636 250 2696 ὀπίσω
264 2638 428 2715 ἐπορεύοντο
442 2644 470 2703 ἐς
481 2637 532 2699 τόν
544 2638 671 2716 Ἰσθμόν.
706 2639 783 2715 Αὕτη
799 2639 907 2719 ἐγένετο
921 2637 941 2715 η“

140 2729 167 2788 ἐς
192 2727 357 2801 Θεσσαλίην
384 2727 530 2803 στρατηίη,
556 2727 696 2802 βασιλέος
727 2753 758 2786 τε
784 2729 943 2804 μέλλοντος

140 2812 293 2886 διαβαίνειν
307 2817 334 2875 ἐς
347 2813 398 2889 τῆν
416 2813 552 2890 Εὐρώπην
566 2819 595 2872 ἐκ
608 2818 658 2888 τῆς
670 2813 770 2890 Ἀσίης
784 2815 829 2873 καὶ
849 2812 944 2878 ἐόντος

138 2899 190 2977 ἤδη
212 2905 240 2961 ἐν
260 2899 381 2981 Ἀβύδῳ·
404 2901 551 2960 Θεσσαλοὶ
571 2900 601 2959 δέ
623 2903 807 2979 ἐρημωθέντες
830 2902 943 2978 συμμά-

138 3016 204 3068 χων,
218 2989 289 3050 οὕτω
300 2989 333 3064 δή
345 2989 481 3066 ἐμήδισαν
491 2987 638 3065 προθύμως
649 2989 704 3049 οὐδ’
715 2992 756 3050 ἔτι
766 2991 942 3053 ἐνδοιαστῶς·

136 3077 212 3137 ὥστε
232 3083 262 3139 ἐν
281 3082 357 3138 τοῖσι
378 3077 526 3157 πρήγμασι
545 3077 692 3151 ἐφαίνοντο
710 3079 831 3154 βασιλέϊ
846 3075 943 3154 ἅνδρες

31 3227 33 3232 ,
123 3165 220 3230 ε’όντες
229 3168 465 3248 χρησιμώτατοι.

31 3312 34 3347 ἱ
54 3247 126 3307 175
179 3260 222 3317 Οἱ
233 3259 267 3319 δὲ
278 3259 429 3343 Ἕλληνες
445 3259 509 3323 ἐπεί
527 3283 562 3320 τε
580 3255 706 3318 ἀπίκατο
727 3256 755 3316 ἐς
770 3247 967 3321 τδνῚσδυδνι
989 3253 993 3259 ’
