2024 3450
160 112 205 160 ιιι
466 107 649 157 Ἧνοιοτοτ
881 108 960 173 [vn.

159 188 262 262 θάρσος
287 187 322 250 ῶς
343 186 421 247 οῦδὲν
441 186 605 264 πεισόμενοι
622 185 707 266 ἄχαρι
728 187 797 265 πράς
817 191 866 246 τοῦ
886 189 961 266 βαρ-

157 274 259 350 βάρου·
288 277 314 332 οἶ
335 275 364 333 δὲ
385 273 416 334 οῦ
438 274 530 338 δόντες
551 281 580 335 ἐν
600 276 708 352 δείματι
728 265 842 356 μεγάλῳ
861 279 961 336 κατέσ-

157 388 256 431 τασαν,
271 361 319 420 ἀτε
334 361 395 420 οῦτε
409 367 475 422 νεῶν
490 364 608 422 ἐουσέων
622 368 651 421 ἐν
664 367 700 441 τῇ
710 362 829 422 Ἑλλάδι
840 363 962 441 ἀριθμόν

158 448 316 528 ἀξιομάχων
337 450 466 509 δέκεσθαι
485 451 535 510 τόν
556 451 676 520 ἐπιόντα,
691 449 754 510 οῦτε
777 453 963 527 βουλομένων

157 541 211 604 τῶν
222 541 338 597 πολλῶν
347 537 536 599 ἀντάπτεσθαι
546 543 596 598 τοῦ
606 540 741 614 πολέμου,
750 539 918 614 μηδιζόντων
929 542 961 602 δὲ

112 628 167 686 139
177 626 333 703 προθύμως.
375 625 513 706 Ἐνθαῦτα
529 626 666 707 ἀναγκαίῃ
684 627 830 706 ἐξέργομαι
845 629 964 706 γνώμην

157 713 347 783 ἀποδέξασθαι
368 715 521 790 ἐπίφθονον
541 717 592 790 μὲν
612 714 681 790 πρός
699 718 754 773 τῶν
770 714 895 774 πλεόνων
913 717 959 777 ἀν-

158 802 283 879 θρώπων·
306 802 380 878 ὅμως
395 802 432 871 δὲ,
451 807 487 880 τῇ
503 804 537 884 γέ
552 828 601 878 μοι
623 803 750 878 φαίνεται
764 802 832 861 εἶναι
846 800 950 878 ἀληθὲς

157 888 207 948 οὐκ
229 890 385 967 ἐπισχήσω·
414 893 438 947 εί
457 889 600 965 Ἀθηναῖοι
625 890 885 966 καταρρωδήσαντες
910 892 950 951 τὰ]

157 976 269 1035 ἐπιόντα
291 977 413 1036 κίνδυνον
435 978 563 1046 ἐξέλιπον
578 977 630 1052 τήν
649 979 798 1056 σφετέρην,
815 976 833 1053 ἢ
855 979 900 1035 καὶ
918 982 956 1055 μή

158 1064 316 1126 ἐκλιπόντες
341 1063 417 1122 ἀλλά
444 1065 584 1141 μείναντες
611 1065 712 1124 ἔδοσαν
739 1067 831 1141 σφέας
859 1065 959 1130 αὐτοῦς

156 1152 255 1230 Ξέρξῃ,
279 1151 349 1210 κατά
369 1151 421 1226 τήν
443 1151 594 1211 θάλασσαν
616 1152 731 1229 οὐδαμοὶ
753 1152 787 1212 ἂν
812 1159 959 1230 ἐπειρῶντο

157 1237 325 1316 ἀντιεύμενοι
343 1241 474 1315 βασιλέϊ·
499 1245 523 1299 εί
540 1241 632 1299 τοίνυν
651 1242 720 1300 κατοὶ
737 1241 788 1316 τήν
807 1243 959 1303 θάλασσαν

155 1329 250 1404 μηδεὶς
277 1327 405 1404 ἠντιοῦτο
429 1329 527 1407 Ξέρξῃ,
554 1328 624 1388 κατά
650 1356 683 1409 γε
710 1328 744 1387 ἂν
770 1329 821 1405 τήν
843 1330 959 1408 ἤπειρον

156 1417 248 1475 τοιάδε
266 1417 379 1498 ἐγίνετο·
405 1421 429 1476 εἰ
447 1417 492 1475 καὶ
506 1417 612 1476 πολλοὶ
629 1417 741 1495 τειχέων
760 1419 871 1480 κιθῶνες
883 1417 959 1494 ἦσαν

157 1507 325 1581 ἐληλαμέναι
345 1504 390 1564 διά
408 1509 457 1565 τοῦ
474 1505 592 1581 Ἰσθμοῦ
610 1507 876 1581 Πελοποννησίοισι,
890 1533 957 1583 προ-

156 1593 280 1656 δοθέντες
298 1593 331 1652 ἂν
349 1593 563 1671 Λακεδαιμόνιοι
582 1592 637 1652 ῦπδ
656 1597 711 1652 τῶν
724 1593 888 1673 συμμάχων,
908 1595 958 1654 οῦκ

157 1681 271 1741 ἑκόντων
293 1681 358 1741 ἀλλ’
379 1681 425 1740 ὑπ’
453 1681 610 1763 ἀναγκαίης,
640 1682 709 1741 κατά
735 1682 818 1744 πόλις
844 1683 957 1742 ἁλισκο-

156 1771 243 1844 μένων
270 1769 325 1827 ῦπδ
349 1774 399 1828 τοῦ
421 1773 548 1829 ναυτικοῦ
575 1775 698 1846 στρατοῦ
722 1774 772 1829 τοῦ
795 1771 956 1848 βαρβάρου,

158 1856 363 1931 ἐμουνώθησαν·
388 1857 573 1932 μουνωθέντες
591 1857 619 1916 δὲ
637 1856 676 1929 ἂν,
697 1858 741 1915 καὶ
759 1857 957 1934 ἀποδεξάμενοι

157 1944 223 2023 ἐργα
242 1942 362 2024 μεγάλα,
379 1943 433 2002 ἀπέ
451 1970 517 2003 ανον
534 1946 672 2025 γενναίως·
714 1943 832 2019 ἢταῦτα
846 1943 879 2004 ἂν
893 1947 957 2004 έπα-

157 2032 214 2101 θον,
235 2030 253 2108 τ’)
274 2031 329 2109 πρό
350 2037 409 2100 τοῦ,
429 2030 557 2107 ὁρέωντες
575 2030 609 2090 ἂν
627 2032 673 2088 καὶ
691 2033 755 2092 τοῦς
773 2030 878 2093 ἀλλους
889 2032 957 2092 Ἔλ-

156 2123 242 2194 ληνας
268 2121 440 2196 μηδίζοντας,
469 2117 606 2200 ὁμολογίῃ
636 2116 670 2176 ἂν
702 2117 858 2194 ἐχρήσαντο
888 2122 958 2194 πρός

156 2209 270 2283 Ξέρξεα·
294 2208 338 2265 καὶ
354 2207 423 2265 οὕτω
437 2205 471 2266 ἂν
485 2205 526 2264 ἐπ’
540 2204 688 2282 ἀμφότερα
701 2204 719 2279 ἡ
732 2203 838 2267 Ἑλλάς
853 2207 957 2284 ἐγίνετο

155 2293 209 2352 ῦπδ
233 2293 375 2372 Πέρσῃσι·
404 2292 456 2368 τὴν
477 2292 531 2373 γάρ
555 2291 680 2368 ὠφελίην
700 2291 752 2367 τήν
772 2295 826 2351 τῶν
845 2295 958 2373 τειχέων

155 2385 210 2439 τῶν
224 2380 268 2438 διὰ
286 2384 336 2440 τοῦ
354 2379 472 2456 Ἰσθμοῦ
486 2380 665 2457 ἐληλαμένων
679 2379 711 2440 οῦ
725 2380 840 2458 δύναμαι
854 2384 956 2442 πυθέσ-

157 2468 203 2527 θαι
221 2467 281 2543 ήτίς
299 2466 334 2528 ἂν
351 2467 393 2544 ἦν,
408 2468 547 2543 βασιλέος
566 2470 773 2545 ἐπικρατέοντος
786 2474 836 2546 τῆς
850 2470 955 2529 θαλάσ-

156 2582 218 2631 σης·
236 2560 284 2616 νῦν
298 2556 327 2615 δὲ
340 2555 503 2632 Ἀθηναίους
517 2555 553 2617 ἅν
565 2584 608 2621 τις
621 2559 711 2638 λέγων
725 2562 853 2635 σωτῆρας
862 2559 955 2639 γενέσ-

158 2645 203 2703 θαι
230 2648 279 2719 τῆς
302 2643 447 2714 Ἑλλάδος,
474 2643 523 2704 οῦκ
546 2644 581 2705 ἂν
605 2645 757 2723 α’μαρτάνοι
783 2647 816 2705 τό
845 2645 955 2720 ἀληθές·

156 2730 232 2791 οὗτοι
251 2732 306 2812 γάρ
329 2733 373 2792 ἐπὶ
394 2732 512 2811 ὁκότερα
530 2738 586 2793 τῶν
606 2735 777 2815 πρηγμάτων
796 2732 956 2808 ἐτράποντο,

158 2825 245 2880 ταῦτα
257 2821 352 2898 ῥέψειν
366 2822 477 2897 ἔμελλε·
499 2820 627 2898 ἐλόμενοι
640 2821 670 2880 δέ
682 2821 733 2899 τήν
743 2820 870 2880 Ἑλλάδα
883 2844 957 2893 περι-

157 2914 225 2971 εῖναι
239 2911 394 2988 ἐλευθέρην,
408 2913 491 2969 τοῦτο
504 2910 537 2970 τό
550 2908 718 2985 Ἑλληνικόν
731 2913 788 2968 πᾶν
800 2905 833 2967 τό
847 2904 955 2979 λοιπόν,

107 2990 110 2994 t
149 2999 223 3061 ὅσον
231 2999 279 3079 μή
295 2999 419 3081 ἐμήδισε,
436 2997 515 3060 αὐτοὶ
533 2994 610 3059 οὗτοι
626 2995 700 3075 ἦσαν
717 3001 743 3057 οἱ
759 2995 955 3076 ἐπεγείραντες,

133 3089 185 3146 καί
195 3093 334 3168 βασιλέα
347 3091 425 3176 μετά
437 3118 473 3178 γε
488 3087 571 3156 θεοῦς
584 3086 772 3165 ἀνωσάμενοι·
796 3082 861 3141 οῦδὲ
878 3087 971 3181 σωεας

112 3183 298 3262 Χρησΐῆρια
312 3184 442 3270 φοβερά
459 3183 589 3250 ἐλθόντα
603 3185 638 3242 ὲκ
654 3179 791 3252 Δελῴὧνι
806 3170 853 3228 Καὶ
865 3165 991 3271 {anpu

100 3263 269 3344 βαλόντα,
287 3280 397 3346 ἔπεισε
420 3282 567 3344 έκλῑπεῗν
583 3272 642 3347 τὴν
654 3264 803 3330 Ἑλλάδα·
828 3256 912 3313 ἀλλα
925 3266 1007 3304 mm·
