2024 3450
114 119 128 164 8
418 114 602 163 'HPOAOTOT
867 114 911 179 [V.

112 195 262 265 ἀναπαύεο,
275 194 346 272 μηδὲ
359 193 475 270 λιπάρεε
489 198 524 272 τῇ
537 193 631 252 πόσει·
646 192 700 274 ἐγω
710 193 740 253 δὲ
749 193 914 271 προσμένων

112 281 197 342 αύτοῦ
205 284 280 361 τῇδε,
288 282 380 342 πάντα
387 281 422 341 τά
431 282 560 357 ἐπιτήδεα
569 280 679 358 παρέξω
688 285 764 341 τοῖσι
773 280 913 351 ξείνοισι.”

112 368 184 448 πρός
195 374 282 430 ταῦτα
296 369 422 432 συνιεὶςά
432 369 569 447 Ἀμύντης
579 369 623 429 ὅτι
632 367 751 445 νεύτερα
762 370 914 450 πρήγματα

64 472 67 480 '
112 457 228 535 πρήξειν
240 458 342 534 μέλλει
354 457 547 535 Ἀλέξανδρος,
561 457 648 539 λέγει·
670 457 718 515 (ίῶ
736 462 796 527 παῖ,
812 458 914 536 σχεδόν

112 544 167 626 γάρ
182 572 233 605 σευ
246 545 446 622 α’νακαιομένου
459 548 574 623 συνίημι
592 545 657 609 τούς
673 545 783 626 λόγους,
800 545 843 604 ὅτι
856 545 914 604 ἐθέ·

112 629 172 696 λεις
192 637 241 710 ἐμὲ
258 634 402 713 ἐκπέμψας
415 633 519 694 ποιέειν
531 660 559 694 τι
577 633 718 711 νειότερον·
740 631 794 713 ἐγιό
811 631 847 691 ὧν
862 658 914 691 σευ

111 722 216 799 χρηίζω
229 721 316 798 μηδὲν
330 725 490 800 νεοχμῶσαι
504 719 562 782 κατ’
573 719 673 799 ἄνδρας
686 720 808 790 τούτους,
820 721 864 781 ἵνα
873 720 913 797 μή

112 808 251 889 ἐξεργάσῃ
271 808 368 884 ἡμέας·
390 807 468 867 ἀλλά
485 808 584 886 α’νέχευ
603 807 688 886 όρέων
704 808 740 869 τά
755 808 912 883 ποιεύμενα·

64 896 103 954 20
112 894 188 970 α’μφὶ
209 895 239 952 δέ
259 894 353 975 ἀπόδῳ
373 901 409 975 τῇ
431 900 485 972 ἐμῇ
505 896 642 971 πείσομαί
667 895 736 956 τοι.”
778 895 827 958 Ὡς
847 896 877 954 δέ
897 888 913 955 ό

112 981 251 1058 Ἀμύντης
266 982 376 1061 χρήσας
391 983 495 1043 τούτων
514 983 635 1061 οἰχώκεε,
652 983 732 1064 λέγει
749 984 764 1043 ό
783 983 914 1051 Ἀλέξαν-

103 1069 177 1146 δρος
203 1069 274 1146 πρός
299 1070 365 1132 τούς
392 1069 517 1147 Πέρσας·
560 1081 577 1106 “
585 1075 721 1153 γυναικῶν
744 1070 871 1138 τουτέων,
894 1070 915 1127 ὦ

112 1157 205 1226 ξεῖνοι,
236 1156 333 1232 πολλή
358 1163 420 1217 ἐστι
446 1157 512 1234 ύμῖν
534 1158 668 1235 εύπετείη,
690 1158 736 1216 καὶ
758 1161 782 1216 εἰ
802 1155 914 1235 πάσῃσι

111 1243 258 1320 βούλεσθε
271 1245 427 1326 μίσγεσθαι
440 1246 487 1305 καὶ
502 1245 623 1325 ὁκόσῃσι
638 1245 675 1306 ὧν
688 1244 800 1306 αύτέων·
814 1243 914 1304 τούτου

110 1333 163 1407 μὲν
182 1332 246 1410 πέρι
267 1332 345 1392 αύτοὶ
366 1330 586 1410 ἀποσημανέετε·
610 1338 659 1394 νῦν
677 1334 715 1403 δὲ,
737 1332 841 1411 σχεδόν
857 1330 914 1411 γάρ

111 1417 166 1496 ἤδη
185 1424 236 1496 τῆς
262 1421 355 1496 κοίτης
375 1420 432 1499 ὥρη
452 1420 641 1501 προσέρχεται
660 1421 726 1499 ύμῖν
750 1421 797 1480 καὶ
823 1423 914 1482 καλῶς

103 1508 228 1590 ἐχοντας
243 1508 329 1586 ύμέας
347 1508 417 1587 όρέω
431 1509 527 1586 μέθης,
541 1512 674 1590 γυναῖκας
685 1509 796 1578 ταύτας,
812 1512 835 1567 εἰ
848 1507 914 1584 ύμῖν

113 1597 200 1672 φίλον
214 1597 284 1667 ἐστὶ,
293 1595 381 1673 άφετε
394 1596 566 1657 λούσασθαι·
580 1595 760 1675 λουσαμένας
770 1595 808 1664 δέ,
820 1594 913 1654 όπίσω

112 1684 329 1760 προσδέκεσθε.”
371 1687 450 1748 εἴπας
466 1689 563 1755 ταῦτα,
581 1685 743 1745 συνέπαινοι
762 1682 817 1763 γάρ
838 1681 914 1765 ἦσαν
977 1735 984 1745 .

113 1774 140 1829 οἱ
153 1772 274 1848 Πέρσαι,
294 1776 426 1853 γυναῖκας
450 1775 502 1848 μὲν
523 1772 692 1840 ἐξελθούσας
716 1771 863 1847 ἀπέπεμπε
887 1775 915 1834 ἐς

111 1857 165 1932 την
182 1858 351 1937 γυναικηίην·
373 1857 456 1920 αύτδς
472 1860 502 1917 δέ
520 1858 536 1917 ό
554 1858 739 1935 Ἀλέξανδρος
754 1859 833 1922 ἴσους
845 1863 913 1938 τῇσι

111 1942 221 2025 γυναιξὶ
233 1942 352 2022 άριθμόν
365 1944 465 2022 α”νδρας
478 1946 660 2025 λειογενείους
669 1950 705 2023 τῇ
715 1950 769 2003 τῶν
778 1951 914 2024 γυναικῶν

112 2034 211 2109 ἐσθῆτι
229 2032 378 2106 σκευάσας,
396 2033 442 2091 καὶ
458 2032 608 2111 ἐγχειρίδια
627 2031 698 2101 δούς,
717 2035 829 2112 παρῆγε
848 2032 912 2091 ἔσω.

113 2121 245 2203 παράγων
258 2121 288 2180 δέ
305 2120 420 2184 τούτους
438 2121 519 2200 ἔλεγε
532 2123 607 2178 τοῖσι
622 2120 755 2198 Πέρσῃσι
769 2119 843 2178 τάδε·
866 2119 914 2180 “03

112 2211 233 2286 Πέρσαι,
247 2208 341 2268 οἴκατε
359 2208 512 2286 πανδαισίῃ
530 2208 613 2285 τελέῃ
633 2209 803 2281 εἶστιῆσθαι·
830 2206 914 2267 τότε

111 2295 167 2378 γάρ
191 2295 267 2354 ἄλλα
291 2294 347 2354 ὅσα
370 2295 489 2373 εἴχομεν,
513 2294 559 2351 καὶ
582 2293 660 2371 πρός,
683 2294 720 2354 ταὶ
749 2293 794 2353 οἶά
821 2319 852 2354 τε
880 2294 915 2370 ἦν

114 2382 272 2460 ἐξευρόντας
294 2383 435 2462 παρέχειν,
456 2381 548 2442 πάντα
568 2380 633 2458 ύμῖν
653 2380 783 2458 πάρεστι·
812 2382 858 2440 καὶ
880 2384 913 2459 δὴ

112 2472 158 2529 καὶ
171 2470 234 2531 τόδε
247 2469 280 2529 τό
294 2470 404 2530 πάντων
417 2471 554 2556 μέγιστον
566 2469 617 2533 τάς
629 2495 660 2529 τε
674 2473 780 2528 ἑωυτῶν
792 2470 915 2546 μητέρας

61 2555 64 2562 ’
115 2559 161 2618 καὶ
176 2559 226 2620 ταὶς
244 2557 386 2634 ἀδελφεάς
403 2557 658 2635 ἐπιδαψιλευόμεθα
670 2557 746 2634 ύμῖν·
767 2555 803 2621 ὦς
815 2583 914 2618 παντε·

111 2647 182 2710 λέως
197 2645 306 2723 μάθητε
323 2645 487 2723 τιμεύμεναι
504 2645 575 2723 πρός
593 2645 684 2721 ἡμέων
702 2649 757 2706 τῶν
775 2646 827 2724 πέρ
849 2651 914 2706 ἐστε

106 2733 195 2809 ,όξιοα
206 2733 277 2810 πρός
287 2733 316 2792 δέ
327 2735 373 2792 καὶ
382 2734 503 2810 βασιλέϊ
512 2737 551 2812 τῷ
560 2734 703 2812 πέμψαντι
714 2733 913 2816 ἀπαγγείλητε,

76 2844 78 2868 ²
113 2821 148 2884 ὥς
157 2821 227 2898 ἀνὴρ
232 2820 343 2896 Ἕλλην
353 2820 522 2882 Μακεδόνων
532 2821 657 2901 ὕπαρχος
668 2820 698 2880 εὖ
706 2820 791 2899 ύμέας
802 2823 914 2891 ἐδέξατο

113 2909 160 2968 καὶ
179 2910 302 2987 τραπέζῃ
321 2909 367 2968 καὶ
388 2907 492 2987 κοίτῃ·”
519 2913 608 2969 ταῦτα
629 2911 707 2973 εἴπας
721 2908 912 2988 Ἀλέξανδρος,

111 2998 220 3075 παρίζει
240 2998 341 3075 Πέρσῃ
362 2996 440 3074 α’νδρὶ
461 2995 547 3072 ἄνδρα
567 2997 726 3069 Μακεδόνα,
744 2998 779 3061 ὦς
797 3003 913 3079 γυναῖκα

105 3084 255 3164 τῷλόγῳ·
283 3087 310 3144 οἱ
332 3085 369 3154 δέ,
392 3085 454 3144 ἐπεί
470 3086 504 3144 τέ
523 3091 619 3161 σφεων
643 3088 670 3144 οἱ
691 3087 798 3162 Πέρσει
816 3085 914 3163 ψαύειν

31 3164 78 3215 2]
85 3169 253 3244 ἐπεφῶντο,
270 3172 459 3254 διεργάζοντο
469 3172 581 3240 αύτούς.
610 3174 673 3234 Καὶ
686 3171 766 3234 οὗτοι
776 3175 823 3250 μὶν
833 3172 921 3249 τούτω

66 3249 117 3317 ⁷2³
129 3251 221 3332 μου
243 3257 469 3342 διεφθάρησαν,
493 3264 545 3326 και
566 3261 653 3326 ,αα
681 3261 729 3322 κο
751 3258 940 3336 κειμενα,
