2024 3450
120 102 164 148 ιιι
422 99 605 149 Ἠνοιοαοτ
839 99 916 164 [vn.

116 178 237 253 Θρηίκης
254 176 371 257 ἀγίνεον,
388 179 414 236 οί
431 177 460 235 δέ
478 182 505 240 ἐς
519 177 669 254 Τυρόδιζαν
688 179 740 254 τὴν
757 181 917 257 Περινθίων,

117 268 143 323 οἶ
156 264 185 323 δέ
200 268 227 326 ἐς
241 265 391 339 Δορίσκον,
406 268 432 324 οἱ
446 265 476 323 δὲ
489 270 516 327 ἐς
529 265 629 325 Ἠϊόνα
644 265 696 342 τήν
710 268 755 325 ἐπὶ
770 269 916 345 Στρυμόνι,

115 355 142 412 αἱ
164 352 194 411 δὲ
212 357 239 416 ἐς
258 353 433 429 Μακεδονίην
450 353 666 434 διατεταγμέναι.

67 442 106 500 26
156 440 205 500 Ἐν
218 444 256 520 τῷ
270 441 300 500 δὲ
313 439 389 501 οὗτοι
402 441 452 503 τόν
465 442 646 519 προκείμενον
659 441 746 502 πόνον
760 444 916 524 ἐργάζοντο,

115 533 145 590 ἐν
160 529 248 609 τούτῳ
270 528 286 590 ό
308 529 390 600 πεζός
411 528 485 594 ἅπας
503 531 730 610 συλλελεγμένος
750 530 808 607 ἅμα
825 532 917 611 ’Ξέρξη

116 619 262 696 ἐπορεύετο
287 623 315 682 ἒς
338 617 446 696 Σάρδις,
468 623 499 677 ἐκ
521 617 691 696 Κριτάλλων
712 617 841 695 ὁρμηθεὶς
862 625 917 679 τῶν

116 711 146 766 ἐν
168 706 367 783 Καππαδοκίῃ·
393 706 568 767 ἐνθαυτα
531 733 586 787 γαρ
609 733 701 784 ειρητο
723 708 916 787 συλλέγεσθαι

114 819 206 854 παντα
225 794 275 854 τόν
296 793 354 852 κατ’
368 793 484 870 ἤπειρον
491 794 679 903 μέλλοντα”
661 821 719 872 αμα
740 821 813 872 αυτῳ
800 796 916 875 Ξερξη

113 881 283 959 πορεύεσθαι
313 880 444 957 στρατόν.
487 873 519 936 ὃς
545 882 597 957 μέν
624 908 671 942 νυν
701 887 755 942 τῶν
786 884 916 963 υπάρχων

115 968 238 1044 στρατόν
261 968 403 1026 κάλλιστα
425 967 638 1044 ἐσταλμένον’
620 970 732 1049 αγαγών
752 997 788 1030 τα
808 973 915 1047 προκεί-

113 1080 184 1132 μενα
202 1055 279 1132 παραὶ
295 1056 435 1131 βασιλέος
454 1057 542 1131 ἔλαβε
562 1055 643 1132 δῶρα,
660 1056 709 1114 οὐκ
727 1059 779 1134 ἔχω
794 1059 915 1133 φράσαι·

114 1141 177 1202 οὐδὲ
189 1143 244 1224 γάρ
257 1142 348 1222 αἷρχην
362 1149 389 1206 ἐς
402 1144 494 1219 κρίσιν
506 1141 606 1202 τούτου
620 1143 682 1219 πέρι
697 1143 828 1206 ἐλθόντας
843 1146 913 1204 οἶδα·

115 1235 142 1292 αἱ
155 1232 185 1291 δὲ
199 1232 261 1290 ἐπεί
274 1257 304 1291 τε
325 1229 472 1307 διαβάντες
491 1229 542 1290 τόν
554 1229 646 1290 Ἀλυν
664 1231 791 1306 ποταμόν
810 1232 913 1309 οἷμίλη-

115 1348 172 1382 σαν
191 1322 357 1402 τῇΦρυγίη,
375 1318 408 1379 δι’
422 1318 507 1396 αότῆς
527 1319 708 1397 πορευόμενοι
729 1322 915 1401 παρεγένοντο

115 1416 142 1474 ἐς
156 1410 305 1474 Κελαινάς·
320 1410 363 1469 ἵνα
377 1408 465 1490 πηγαὶ
478 1406 640 1469 ἀναδιδοῦσι
653 1408 816 1485 Μαιάνδρου
830 1436 914 1469 ποτα-

46 1578 48 1582 .
113 1503 176 1576 μαῦ,
200 1498 246 1558 καὶ
270 1499 363 1577 ἐτέρου
387 1496 436 1558 οὐκ
460 1497 618 1562 ἐλάσσονος
641 1496 662 1575 ἢ
683 1497 854 1575 Μαιάνδρου,
876 1503 915 1578 τῷ

115 1586 220 1665 οὕνομα
239 1587 371 1669 τυγχάνει
392 1587 437 1647 ἐόν
451 1587 662 1666 Καταρρήκτης,
676 1586 706 1651 ὃς
720 1587 751 1656 ἐξ
764 1586 848 1663 αὐτῆς
865 1592 915 1663 τῆς

114 1674 218 1755 ἀγορῆς
231 1680 280 1751 τῆς
295 1676 453 1735 Κελαινέων
467 1674 634 1746 α’νατέλλων,
650 1681 677 1739 ἐς
689 1675 739 1735 τόν
753 1676 915 1752 Μαίανδρον

115 1762 224 1822 ἐκδιδοῖ·
247 1768 275 1822 ἐν
288 1767 324 1841 τῇ
339 1763 384 1821 καὶ
397 1763 413 1822 ό
427 1768 477 1823 τοῦ
492 1766 613 1839 Σιληνοῦ
627 1764 768 1842 Μαρσύεω
782 1763 869 1826 α’σκός
886 1768 915 1822 ἐν

114 1852 150 1927 τῇ
170 1849 240 1909 πόλι
260 1849 456 1926 ἀνακρέμαται,
473 1851 523 1910 τόν
540 1851 595 1911 ὑπό
617 1857 733 1933 Φρυγῶν
753 1852 839 1933 λόγος
859 1853 915 1929 ἔχει

66 1935 167 1997 27ὖπὸ
190 1935 371 2000 ’Λπόλλωνος
394 1936 541 2013 ἐκδαρέντα
568 1938 822 2015 ἀνακρεμασθῆναι.
866 1938 915 1997 Ἐν

113 2025 201 2104 ταύτῃ
213 2029 249 2105 τῇ
262 2024 331 2085 πόλι
344 2020 554 2134 όπρκατῆμενος
568 2025 674 2088 Πύθιος
687 2024 703 2084 ό
720 2024 829 2092 Ἀτυος,
845 2025 914 2100 αἷνηρ

114 2115 212 2184 Λυδός,
226 2113 388 2184 ἐξείνισε
354 2138 405 2188 την
418 2113 558 2189 βασιλέας
571 2136 707 2188 στρατιην
723 2114 819 2169 πᾶσαν
835 2113 913 2178 ξεινί-

115 2227 173 2260 οισι
190 2201 353 2284 μεγίστοισι
375 2200 420 2258 καὶ
441 2198 525 2258 αυτόν
537 2199 651 2273 Ξέρξεα,
665 2197 797 2276 χρήματά
818 2224 848 2256 τε
868 2203 912 2255 ἐπ-

115 2290 272 2368 αγγέλλετο
294 2286 506 2362 βουλόμενας’
494 2312 521 2347 ες
544 2282 593 2344 τόν
618 2283 745 2361 πόλεμον
771 2286 912 2364 παρέχειν·

115 2375 362 2455 ἐπαγγελλομένου
383 2373 411 2431 δέ
429 2371 562 2450 χρήματα
575 2371 732 2444 Πυθίου,’
708 2398 795 2448 ειρετο
809 2373 914 2450 Ξέρξης

115 2463 249 2540 Περσέων
269 2460 333 2524 τούς
350 2459 512 2538 παρεόντας,
525 2459 568 2523 τίς
580 2485 611 2519 τε
625 2460 674 2520 ἐῶν
688 2459 793 2539 ἀνδρῶν
807 2461 915 2524 Πύθιος

115 2551 160 2608 καὶ
174 2550 248 2610 κόσα
261 2549 392 2630 χρήματα
409 2549 573 2625 κεκτημένος
587 2549 791 2632 ἐπαγγέλλοιτο
809 2555 914 2618 ταῦτα,

118 2641 144 2697 οἶ
166 2638 196 2698 δὲ
217 2639 310 2700 εἶπαν·
338 2637 385 2698 “ὤ
406 2640 540 2715 βασιλεῦ,
564 2635 645 2702 οὗτός
666 2645 727 2699 ἐστι
749 2638 779 2702 ὅς
800 2666 843 2698 τοι
866 2639 915 2696 τόν

114 2727 223 2803 πατέρα
236 2730 356 2804 Δαρεῖον
372 2725 531 2804 ἐδωρήσατο
544 2730 580 2805 τῇ
593 2729 774 2805 πλατανίστῳ
794 2732 829 2804 τῇ
849 2752 914 2802 χρυ·

116 2815 168 2893 σέη
182 2841 227 2874 και
240 2841 275 2894 τη
264 2813 453 2893 αμπέλιρ·
437 2840 468 2877 ας
481 2840 527 2873 και
540 2818 589 2874 νῦν
602 2819 663 2874 ἐστι
683 2818 791 2924 πρῶτος
811 2812 913 2887 ἀνθρά-

30 2904 106 2962 “’28
117 2930 175 2963 πων
187 2903 361 2985 πλουτω,
322 2928 378 2963 των
390 2902 470 2980 ἡμεῖς
483 2902 569 2980 ἴδμεν,
582 2901 654 2979 μετά
674 2901 734 2961 σε’.”
775 2899 915 2977 Θωμάσας

103 2978 138 3048 δέ
154 3017 213 3052 των
230 2991 321 3054 ἐπέων
339 3018 373 3055 το
367 2991 556 3054 τελευταῖον
568 2988 735 3072 Ξέρξης,’
700 2988 783 3053 αυτδς
803 2987 915 3065 δεύτερα

84 3077 182 3150 εζοετα
202 3082 364 3147 Πυθιαν
344 3082 442 3149 ακόσα
468 3086 498 3146 οἱ
522 3082 567 3165 εἴη
588 3080 745 3167 γφήματαὶ
768 3077 841 3140 0δὶ
860 3076 928 3135 3¹¹²

69 3168 92 3192 “
91 3162 344 3259 ὦβασιλεΰ,”
305 3204 377 3242 ουτε
400 3206 438 3244 σε
462 3174 634 3260 ἀποκρύψω
657 3197 726 3234 αυτε
744 3166 903 3244 ακίηλιῦὶιω
916 3183 951 3214 W

38 3267 96 3319 μγ
121 3253 234 3322 ειδέναι
255 3267 319 3346 ῃγμ
337 3275 502 3352 ἕμρωυτοῦ
523 3269 651 3348 οὐσίην,
674 3258 743 3325 ἆλλ
771 3238 971 3320 ἐπισταμενδς
