<?xml version="1.0" encoding="UTF-8"?>
<!DOCTYPE html PUBLIC "-//W3C//DTD XHTML 1.0 Transitional//EN"
    "http://www.w3.org/TR/xhtml1/DTD/xhtml1-transitional.dtd">
<html xmlns="http://www.w3.org/1999/xhtml" xml:lang="en" lang="en">
 <head>
  <title>
</title>
<meta http-equiv="Content-Type" content="text/html;charset=utf-8" />
  <meta name='ocr-system' content='tesseract 3.04.00' />
  <meta name='ocr-capabilities' content='ocr_page ocr_carea ocr_par ocr_line ocrx_word'/>
</head>
<body>
  <div class='ocr_page' id='page_1' title='image "./recensuitjoseph01herogoog/recensuitjoseph01herogoog_0206.png"; bbox 0 0 2024 3450; ppageno 0'>
   <div class='ocr_carea' id='block_1_1' title="bbox 38 96 958 3348">
    <p class='ocr_par' dir='ltr' id='par_1_1' title="bbox 38 96 927 1847">
     <span class='ocr_line' id='line_1_1' title="bbox 82 96 879 169; baseline 0.003 -15"><span class='ocrx_word' id='word_1_1' title='bbox 82 104 220 169; x_wconf 83' lang='lat'>188-191]</span> <span class='ocrx_word' id='word_1_2' title='bbox 390 96 574 154; x_wconf 76' lang='grc' dir='ltr'>υοκυυκω.</span> <span class='ocrx_word' id='word_1_3' title='bbox 832 110 879 156; x_wconf 78' lang='grc' dir='ltr'>ιω</span> 
     </span>
     <span class='ocr_line' id='line_1_2' title="bbox 80 183 882 266; baseline 0.01 -24"><span class='ocrx_word' id='word_1_4' title='bbox 80 184 109 242; x_wconf 83' lang='grc' dir='ltr'>δὲ</span> <span class='ocrx_word' id='word_1_5' title='bbox 124 189 150 246; x_wconf 85' lang='grc' dir='ltr'>ἐς</span> <span class='ocrx_word' id='word_1_6' title='bbox 161 185 345 260; x_wconf 81' lang='grc' dir='ltr'>Κασθαναίην</span> <span class='ocrx_word' id='word_1_7' title='bbox 359 183 579 262; x_wconf 77' lang='grc' dir='ltr'>ἐξεβράσσοντο·</span> <span class='ocrx_word' id='word_1_8' title='bbox 599 185 634 261; x_wconf 90' lang='grc' dir='ltr'>ἦν</span> <span class='ocrx_word' id='word_1_9' title='bbox 644 210 674 245; x_wconf 90' lang='grc' dir='ltr'>τε</span> <span class='ocrx_word' id='word_1_10' title='bbox 684 189 735 247; x_wconf 84' lang='grc' dir='ltr'>τοῦ</span> <span class='ocrx_word' id='word_1_11' title='bbox 746 191 882 266; x_wconf 82' lang='grc' dir='ltr'>χειμῶνος</span> 
     </span>
     <span class='ocr_line' id='line_1_3' title="bbox 79 271 927 353; baseline 0.004 -22"><span class='ocrx_word' id='word_1_12' title='bbox 79 277 176 350; x_wconf 85' lang='grc' dir='ltr'>χρῆμα</span> <span class='ocrx_word' id='word_1_13' title='bbox 190 271 342 350; x_wconf 77' lang='grc' dir='ltr'>ἀφόρητον.</span> <span class='ocrx_word' id='word_1_14' title='bbox 384 273 503 353; x_wconf 77' lang='grc' dir='ltr'>Λέγεται</span> <span class='ocrx_word' id='word_1_15' title='bbox 516 273 546 330; x_wconf 85' lang='grc' dir='ltr'>δὲ</span> <span class='ocrx_word' id='word_1_16' title='bbox 562 272 657 352; x_wconf 77' lang='grc' dir='ltr'>λόγος,</span> <span class='ocrx_word' id='word_1_17' title='bbox 671 273 706 337; x_wconf 71' lang='grc' dir='ltr'>οἷς</span> <span class='ocrx_word' id='word_1_18' title='bbox 718 273 860 349; x_wconf 85' lang='grc' dir='ltr'>Ἀθηναῖοι</span> <span class='ocrx_word' id='word_1_19' title='bbox 871 276 927 334; x_wconf 87' lang='grc'>189</span> 
     </span>
     <span class='ocr_line' id='line_1_4' title="bbox 79 360 880 438; baseline 0.005 -20"><span class='ocrx_word' id='word_1_20' title='bbox 79 361 128 419; x_wconf 81' lang='grc' dir='ltr'>τόν</span> <span class='ocrx_word' id='word_1_21' title='bbox 149 365 242 438; x_wconf 84' lang='grc' dir='ltr'>Βορῆν</span> <span class='ocrx_word' id='word_1_22' title='bbox 263 366 292 418; x_wconf 90' lang='grc' dir='ltr'>ἐκ</span> <span class='ocrx_word' id='word_1_23' title='bbox 318 361 487 436; x_wconf 82' lang='grc' dir='ltr'>θεοπροπίου</span> <span class='ocrx_word' id='word_1_24' title='bbox 514 360 729 430; x_wconf 76' lang='grc' dir='ltr'>ἐπεκαλέσαντο,</span> <span class='ocrx_word' id='word_1_25' title='bbox 751 361 880 424; x_wconf 80' lang='grc' dir='ltr'>ἐλθόντος</span> 
     </span>
     <span class='ocr_line' id='line_1_5' title="bbox 79 447 880 527; baseline 0.002 -21"><span class='ocrx_word' id='word_1_26' title='bbox 79 455 135 523; x_wconf 92' lang='grc' dir='ltr'>σφι</span> <span class='ocrx_word' id='word_1_27' title='bbox 156 449 247 508; x_wconf 80' lang='grc' dir='ltr'>ἄλλου</span> <span class='ocrx_word' id='word_1_28' title='bbox 267 449 440 527; x_wconf 83' lang='grc' dir='ltr'>χρηστηρίου</span> <span class='ocrx_word' id='word_1_29' title='bbox 457 448 506 506; x_wconf 79' lang='grc' dir='ltr'>τόν</span> <span class='ocrx_word' id='word_1_30' title='bbox 526 447 657 527; x_wconf 80' lang='grc' dir='ltr'>γαμβρόν</span> <span class='ocrx_word' id='word_1_31' title='bbox 676 449 820 525; x_wconf 86' lang='grc' dir='ltr'>ἐπίκουρον</span> <span class='ocrx_word' id='word_1_32' title='bbox 834 475 880 508; x_wconf 91' lang='grc' dir='ltr'>κα-</span> 
     </span>
     <span class='ocr_line' id='line_1_6' title="bbox 79 534 878 619; baseline 0.006 -27"><span class='ocrx_word' id='word_1_33' title='bbox 79 536 231 597; x_wconf 87' lang='grc' dir='ltr'>λέσασθαι·</span> <span class='ocrx_word' id='word_1_34' title='bbox 267 541 357 612; x_wconf 78' lang='grc' dir='ltr'>Βορῆς</span> <span class='ocrx_word' id='word_1_35' title='bbox 382 537 418 607; x_wconf 77' lang='grc' dir='ltr'>δὲ,</span> <span class='ocrx_word' id='word_1_36' title='bbox 446 537 515 593; x_wconf 82' lang='grc' dir='ltr'>κατά</span> <span class='ocrx_word' id='word_1_37' title='bbox 541 535 591 594; x_wconf 78' lang='grc' dir='ltr'>τόν</span> <span class='ocrx_word' id='word_1_38' title='bbox 616 534 761 609; x_wconf 82' lang='grc' dir='ltr'>Ἑλλήνων</span> <span class='ocrx_word' id='word_1_39' title='bbox 784 536 878 619; x_wconf 87' lang='grc' dir='ltr'>λόγον,</span> 
     </span>
     <span class='ocr_line' id='line_1_7' title="bbox 80 621 879 705; baseline 0.001 -24"><span class='ocrx_word' id='word_1_40' title='bbox 80 626 136 702; x_wconf 85' lang='grc' dir='ltr'>ἐχει</span> <span class='ocrx_word' id='word_1_41' title='bbox 166 629 283 705; x_wconf 84' lang='grc' dir='ltr'>γυναῖκα</span> <span class='ocrx_word' id='word_1_42' title='bbox 310 624 439 696; x_wconf 78' lang='grc' dir='ltr'>Ἀττικήν</span> <span class='ocrx_word' id='word_1_43' title='bbox 464 623 620 699; x_wconf 88' lang='grc' dir='ltr'>Ὠρείθυιαν</span> <span class='ocrx_word' id='word_1_44' title='bbox 646 621 697 699; x_wconf 72' lang='grc' dir='ltr'>την</span> <span class='ocrx_word' id='word_1_45' title='bbox 723 623 879 701; x_wconf 77' lang='grc' dir='ltr'>Ἐρεχθέος·</span> 
     </span>
     <span class='ocr_line' id='line_1_8' title="bbox 80 709 881 788; baseline 0 -20"><span class='ocrx_word' id='word_1_46' title='bbox 80 713 148 770; x_wconf 83' lang='grc' dir='ltr'>κατά</span> <span class='ocrx_word' id='word_1_47' title='bbox 168 712 202 786; x_wconf 77' lang='grc' dir='ltr'>δη</span> <span class='ocrx_word' id='word_1_48' title='bbox 221 713 254 771; x_wconf 82' lang='grc' dir='ltr'>τό</span> <span class='ocrx_word' id='word_1_49' title='bbox 274 713 355 786; x_wconf 82' lang='grc' dir='ltr'>κῆδος</span> <span class='ocrx_word' id='word_1_50' title='bbox 371 716 454 770; x_wconf 77' lang='grc' dir='ltr'>τοῦτο</span> <span class='ocrx_word' id='word_1_51' title='bbox 471 714 497 768; x_wconf 86' lang='grc' dir='ltr'>οἱ</span> <span class='ocrx_word' id='word_1_52' title='bbox 512 709 664 786; x_wconf 82' lang='grc' dir='ltr'>Ἀθηναῖοι,</span> <span class='ocrx_word' id='word_1_53' title='bbox 680 709 715 773; x_wconf 75' lang='grc' dir='ltr'>οἷς</span> <span class='ocrx_word' id='word_1_54' title='bbox 734 710 817 786; x_wconf 89' lang='grc' dir='ltr'>φάτις</span> <span class='ocrx_word' id='word_1_55' title='bbox 831 710 881 788; x_wconf 83' lang='grc' dir='ltr'>ὥρ-</span> 
     </span>
     <span class='ocr_line' id='line_1_9' title="bbox 78 798 881 879; baseline 0.002 -23"><span class='ocrx_word' id='word_1_56' title='bbox 78 825 184 878; x_wconf 81' lang='grc' dir='ltr'>μηται,</span> <span class='ocrx_word' id='word_1_57' title='bbox 202 800 440 875; x_wconf 89' lang='grc' dir='ltr'>συμβαλλόμενοί</span> <span class='ocrx_word' id='word_1_58' title='bbox 466 805 522 873; x_wconf 91' lang='grc' dir='ltr'>σφι</span> <span class='ocrx_word' id='word_1_59' title='bbox 548 798 597 858; x_wconf 79' lang='grc' dir='ltr'>τόν</span> <span class='ocrx_word' id='word_1_60' title='bbox 624 802 718 874; x_wconf 84' lang='grc' dir='ltr'>Βορῆν</span> <span class='ocrx_word' id='word_1_61' title='bbox 747 798 881 879; x_wconf 79' lang='grc' dir='ltr'>γαμβρόν</span> 
     </span>
     <span class='ocr_line' id='line_1_10' title="bbox 80 879 881 967; baseline 0.004 -25"><span class='ocrx_word' id='word_1_62' title='bbox 80 886 157 955; x_wconf 84' lang='grc' dir='ltr'>εἶναι,</span> <span class='ocrx_word' id='word_1_63' title='bbox 185 879 383 967; x_wconf 81' lang='grc' dir='ltr'>ναυλοχέοντες</span> <span class='ocrx_word' id='word_1_64' title='bbox 408 891 458 962; x_wconf 81' lang='grc' dir='ltr'>τῆς</span> <span class='ocrx_word' id='word_1_65' title='bbox 480 887 606 963; x_wconf 75' lang='grc' dir='ltr'>Εὐβοίης</span> <span class='ocrx_word' id='word_1_66' title='bbox 633 891 662 946; x_wconf 87' lang='grc' dir='ltr'>ἐν</span> <span class='ocrx_word' id='word_1_67' title='bbox 688 886 818 956; x_wconf 78' lang='grc' dir='ltr'>Χαλκίδι,</span> <span class='ocrx_word' id='word_1_68' title='bbox 845 885 881 950; x_wconf 69' lang='grc' dir='ltr'>οἷς</span> 
     </span>
     <span class='ocr_line' id='line_1_11' title="bbox 38 973 879 1056; baseline 0.005 -25"><span class='ocrx_word' id='word_1_69' title='bbox 38 973 42 979; x_wconf 61' lang='grc'><strong>’</strong></span> <span class='ocrx_word' id='word_1_70' title='bbox 80 975 183 1049; x_wconf 87' lang='grc' dir='ltr'>έμαθον</span> <span class='ocrx_word' id='word_1_71' title='bbox 200 975 350 1054; x_wconf 76' lang='grc' dir='ltr'>αὐξόμενον</span> <span class='ocrx_word' id='word_1_72' title='bbox 368 975 417 1036; x_wconf 83' lang='grc' dir='ltr'>τόν</span> <span class='ocrx_word' id='word_1_73' title='bbox 437 980 567 1054; x_wconf 81' lang='grc' dir='ltr'>χειμῶνα,</span> <span class='ocrx_word' id='word_1_74' title='bbox 582 975 611 1055; x_wconf 81' lang='grc' dir='ltr'>(ἢ</span> <span class='ocrx_word' id='word_1_75' title='bbox 626 976 672 1033; x_wconf 80' lang='grc' dir='ltr'>καὶ</span> <span class='ocrx_word' id='word_1_76' title='bbox 684 975 739 1052; x_wconf 81' lang='grc' dir='ltr'>πρό</span> <span class='ocrx_word' id='word_1_77' title='bbox 757 974 879 1056; x_wconf 54' lang='lat' dir='ltr'>rothom)</span> 
     </span>
     <span class='ocr_line' id='line_1_12' title="bbox 79 1061 879 1141; baseline 0.006 -22"><span class='ocrx_word' id='word_1_78' title='bbox 79 1061 192 1122; x_wconf 82' lang='grc' dir='ltr'>ε’θόοντό</span> <span class='ocrx_word' id='word_1_79' title='bbox 209 1091 240 1123; x_wconf 96' lang='grc' dir='ltr'>τε</span> <span class='ocrx_word' id='word_1_80' title='bbox 258 1066 303 1123; x_wconf 83' lang='grc' dir='ltr'>καὶ</span> <span class='ocrx_word' id='word_1_81' title='bbox 321 1066 505 1123; x_wconf 91' lang='grc' dir='ltr'>ἐπεκαλέοντο</span> <span class='ocrx_word' id='word_1_82' title='bbox 525 1063 575 1124; x_wconf 90' lang='grc' dir='ltr'>τόν</span> <span class='ocrx_word' id='word_1_83' title='bbox 596 1090 627 1124; x_wconf 91' lang='grc' dir='ltr'>τε</span> <span class='ocrx_word' id='word_1_84' title='bbox 646 1068 739 1141; x_wconf 82' lang='grc' dir='ltr'>Βορῆν</span> <span class='ocrx_word' id='word_1_85' title='bbox 761 1064 807 1123; x_wconf 84' lang='grc' dir='ltr'>καὶ</span> <span class='ocrx_word' id='word_1_86' title='bbox 827 1063 879 1140; x_wconf 72' lang='grc' dir='ltr'>τήν</span> 
     </span>
     <span class='ocr_line' id='line_1_13' title="bbox 77 1147 878 1231; baseline 0.004 -23"><span class='ocrx_word' id='word_1_87' title='bbox 77 1147 241 1227; x_wconf 86' lang='grc' dir='ltr'>Ὠρείθυιαν,</span> <span class='ocrx_word' id='word_1_88' title='bbox 255 1154 415 1231; x_wconf 80' lang='grc' dir='ltr'>τιμωρῆσαί</span> <span class='ocrx_word' id='word_1_89' title='bbox 430 1158 486 1227; x_wconf 89' lang='grc' dir='ltr'>σφι</span> <span class='ocrx_word' id='word_1_90' title='bbox 502 1152 547 1211; x_wconf 80' lang='grc' dir='ltr'>καὶ</span> <span class='ocrx_word' id='word_1_91' title='bbox 566 1152 726 1228; x_wconf 78' lang='grc' dir='ltr'>διαφθεῖραι</span> <span class='ocrx_word' id='word_1_92' title='bbox 741 1156 795 1211; x_wconf 79' lang='grc' dir='ltr'>τῶν</span> <span class='ocrx_word' id='word_1_93' title='bbox 806 1153 878 1229; x_wconf 91' lang='grc' dir='ltr'>βαρ-</span> 
     </span>
     <span class='ocr_line' id='line_1_14' title="bbox 77 1238 879 1318; baseline 0.002 -22"><span class='ocrx_word' id='word_1_94' title='bbox 77 1238 174 1315; x_wconf 90' lang='grc' dir='ltr'>βάρων</span> <span class='ocrx_word' id='word_1_95' title='bbox 193 1242 243 1303; x_wconf 82' lang='grc' dir='ltr'>τάς</span> <span class='ocrx_word' id='word_1_96' title='bbox 263 1242 333 1310; x_wconf 89' lang='grc' dir='ltr'>νέας,</span> <span class='ocrx_word' id='word_1_97' title='bbox 354 1241 389 1304; x_wconf 70' lang='grc' dir='ltr'>οἷς</span> <span class='ocrx_word' id='word_1_98' title='bbox 410 1242 455 1299; x_wconf 85' lang='grc' dir='ltr'>καὶ</span> <span class='ocrx_word' id='word_1_99' title='bbox 475 1240 611 1318; x_wconf 92' lang='grc' dir='ltr'>πρότερον</span> <span class='ocrx_word' id='word_1_100' title='bbox 630 1241 694 1316; x_wconf 88' lang='grc' dir='ltr'>περὶ</span> <span class='ocrx_word' id='word_1_101' title='bbox 710 1239 814 1298; x_wconf 77' lang='grc' dir='ltr'>Ἀθων.</span> <span class='ocrx_word' id='word_1_102' title='bbox 856 1243 879 1299; x_wconf 84' lang='grc' dir='ltr'>εἰ</span> 
     </span>
     <span class='ocr_line' id='line_1_15' title="bbox 77 1327 878 1405; baseline 0.002 -20"><span class='ocrx_word' id='word_1_103' title='bbox 77 1327 128 1400; x_wconf 88' lang='grc' dir='ltr'>μέν</span> <span class='ocrx_word' id='word_1_104' title='bbox 155 1354 203 1388; x_wconf 91' lang='grc' dir='ltr'>νυν</span> <span class='ocrx_word' id='word_1_105' title='bbox 230 1328 275 1387; x_wconf 86' lang='grc' dir='ltr'>διά</span> <span class='ocrx_word' id='word_1_106' title='bbox 296 1333 382 1390; x_wconf 78' lang='grc' dir='ltr'>ταῦτα</span> <span class='ocrx_word' id='word_1_107' title='bbox 409 1332 485 1388; x_wconf 83' lang='grc' dir='ltr'>τοῖσι</span> <span class='ocrx_word' id='word_1_108' title='bbox 507 1327 687 1405; x_wconf 89' lang='grc' dir='ltr'>βαρβάροισι</span> <span class='ocrx_word' id='word_1_109' title='bbox 707 1327 842 1402; x_wconf 79' lang='grc' dir='ltr'>ὁρμέουσι</span> <span class='ocrx_word' id='word_1_110' title='bbox 862 1327 878 1387; x_wconf 88' lang='grc' dir='ltr'>ὁ</span> 
     </span>
     <span class='ocr_line' id='line_1_16' title="bbox 78 1411 881 1494; baseline 0.002 -23"><span class='ocrx_word' id='word_1_111' title='bbox 78 1415 169 1490; x_wconf 82' lang='grc' dir='ltr'>βορῆς</span> <span class='ocrx_word' id='word_1_112' title='bbox 190 1417 318 1485; x_wconf 86' lang='grc' dir='ltr'>ἐπέπεσε,</span> <span class='ocrx_word' id='word_1_113' title='bbox 334 1417 383 1474; x_wconf 80' lang='grc' dir='ltr'>οὐκ</span> <span class='ocrx_word' id='word_1_114' title='bbox 405 1417 458 1494; x_wconf 83' lang='grc' dir='ltr'>ἔχω</span> <span class='ocrx_word' id='word_1_115' title='bbox 480 1419 575 1473; x_wconf 80' lang='grc' dir='ltr'>εἰπεῖν·</span> <span class='ocrx_word' id='word_1_116' title='bbox 597 1417 623 1473; x_wconf 81' lang='grc' dir='ltr'>οἱ</span> <span class='ocrx_word' id='word_1_117' title='bbox 642 1413 664 1472; x_wconf 85' lang='grc' dir='ltr'>δ’</span> <span class='ocrx_word' id='word_1_118' title='bbox 687 1413 723 1472; x_wconf 83' lang='grc' dir='ltr'>ὧν</span> <span class='ocrx_word' id='word_1_119' title='bbox 735 1411 881 1488; x_wconf 81' lang='grc' dir='ltr'>Ἀθηναῖοί</span> 
     </span>
     <span class='ocr_line' id='line_1_17' title="bbox 77 1500 879 1582; baseline 0.004 -25"><span class='ocrx_word' id='word_1_120' title='bbox 77 1506 133 1575; x_wconf 90' lang='grc' dir='ltr'>σφι</span> <span class='ocrx_word' id='word_1_121' title='bbox 155 1504 272 1582; x_wconf 88' lang='grc' dir='ltr'>λέγουσι</span> <span class='ocrx_word' id='word_1_122' title='bbox 289 1502 477 1578; x_wconf 86' lang='grc' dir='ltr'>βοηθήσαντα</span> <span class='ocrx_word' id='word_1_123' title='bbox 493 1501 543 1562; x_wconf 77' lang='grc' dir='ltr'>τόν</span> <span class='ocrx_word' id='word_1_124' title='bbox 558 1505 653 1578; x_wconf 82' lang='grc' dir='ltr'>Βορῆν</span> <span class='ocrx_word' id='word_1_125' title='bbox 669 1500 811 1577; x_wconf 90' lang='grc' dir='ltr'>πρότερον,</span> <span class='ocrx_word' id='word_1_126' title='bbox 832 1501 879 1560; x_wconf 85' lang='grc' dir='ltr'>καὶ</span> 
     </span>
     <span class='ocr_line' id='line_1_18' title="bbox 77 1586 879 1670; baseline 0.01 -25"><span class='ocrx_word' id='word_1_127' title='bbox 77 1586 142 1646; x_wconf 88' lang='grc' dir='ltr'>τότε</span> <span class='ocrx_word' id='word_1_128' title='bbox 167 1593 257 1647; x_wconf 84' lang='grc' dir='ltr'>ἐκεῖνα</span> <span class='ocrx_word' id='word_1_129' title='bbox 281 1589 519 1670; x_wconf 89' lang='grc' dir='ltr'>κατεργάσασθαι·</span> <span class='ocrx_word' id='word_1_130' title='bbox 553 1589 599 1648; x_wconf 88' lang='grc' dir='ltr'>καὶ</span> <span class='ocrx_word' id='word_1_131' title='bbox 624 1588 683 1665; x_wconf 81' lang='grc' dir='ltr'>ἱρόν</span> <span class='ocrx_word' id='word_1_132' title='bbox 710 1587 879 1653; x_wconf 76' lang='grc' dir='ltr'>ἀπελθόντες</span> 
     </span>
     <span class='ocr_line' id='line_1_19' title="bbox 79 1675 809 1790; baseline 0.005 -58"><span class='ocrx_word' id='word_1_133' title='bbox 79 1676 173 1751; x_wconf 90' lang='grc' dir='ltr'>Βορέω</span> <span class='ocrx_word' id='word_1_134' title='bbox 188 1676 335 1752; x_wconf 82' lang='grc' dir='ltr'>ἱδρύσαντο</span> <span class='ocrx_word' id='word_1_135' title='bbox 349 1677 426 1755; x_wconf 84' lang='grc' dir='ltr'>παρά</span> <span class='ocrx_word' id='word_1_136' title='bbox 439 1676 567 1790; x_wconf 82' lang='grc' dir='ltr'>πρταμόν</span> <span class='ocrx_word' id='word_1_137' title='bbox 578 1675 714 1737; x_wconf 90' lang='grc' dir='ltr'>Ἰλισσόν.</span> <span class='ocrx_word' id='word_1_138' title='bbox 808 1742 809 1746; x_wconf 11' lang='grc' dir='ltr'><strong>Ἰ</strong></span> 
     </span>
     <span class='ocr_line' id='line_1_20' title="bbox 127 1761 926 1847; baseline 0.006 -26.044"><span class='ocrx_word' id='word_1_139' title='bbox 127 1761 175 1822; x_wconf 89' lang='grc' dir='ltr'>Ἐν</span> <span class='ocrx_word' id='word_1_140' title='bbox 188 1763 276 1844; x_wconf 76' lang='grc' dir='ltr'>τούτῳ</span> <span class='ocrx_word' id='word_1_141' title='bbox 294 1770 332 1844; x_wconf 82' lang='grc' dir='ltr'>τῷ</span> <span class='ocrx_word' id='word_1_142' title='bbox 346 1765 421 1845; x_wconf 89' lang='grc' dir='ltr'>πόνῳ</span> <span class='ocrx_word' id='word_1_143' title='bbox 438 1767 500 1829; x_wconf 91' lang='grc' dir='ltr'>νέας</span> <span class='ocrx_word' id='word_1_144' title='bbox 520 1793 546 1825; x_wconf 95' lang='grc' dir='ltr'>οι</span> <span class='ocrx_word' id='word_1_145' title='bbox 533 1765 719 1843; x_wconf 83' lang='grc' dir='ltr'>ἐλαχίστας</span> <span class='ocrx_word' id='word_1_146' title='bbox 739 1766 857 1847; x_wconf 87' lang='grc' dir='ltr'>λέγουσι</span> <span class='ocrx_word' id='word_1_147' title='bbox 868 1768 926 1826; x_wconf 84' lang='grc'>190</span> 
     </span>
    </p>

    <p class='ocr_par' dir='ltr' id='par_1_2' title="bbox 76 1849 879 2200">
     <span class='ocr_line' id='line_1_21' title="bbox 79 1849 878 1932; baseline 0.001 -20.022"><span class='ocrx_word' id='word_1_148' title='bbox 79 1849 275 1930; x_wconf 81' lang='grc' dir='ltr'>διαφθαρῆναι,</span> <span class='ocrx_word' id='word_1_149' title='bbox 286 1855 486 1932; x_wconf 85' lang='grc' dir='ltr'>τετρακοσιέων</span> <span class='ocrx_word' id='word_1_150' title='bbox 499 1852 549 1913; x_wconf 79' lang='grc' dir='ltr'>οὐκ</span> <span class='ocrx_word' id='word_1_151' title='bbox 563 1854 722 1916; x_wconf 85' lang='grc' dir='ltr'>ἐλάσσονας</span> <span class='ocrx_word' id='word_1_152' title='bbox 735 1853 835 1931; x_wconf 77' lang='grc' dir='ltr'>ἄνδρας</span> <span class='ocrx_word' id='word_1_153' title='bbox 847 1879 878 1913; x_wconf 91' lang='grc' dir='ltr'>τε</span> 
     </span>
     <span class='ocr_line' id='line_1_22' title="bbox 78 1937 878 2034; baseline 0.008 -39"><span class='ocrx_word' id='word_1_154' title='bbox 78 1937 289 2017; x_wconf 73' lang='grc' dir='ltr'>ἀναριθμήτους,</span> <span class='ocrx_word' id='word_1_155' title='bbox 308 1941 458 2021; x_wconf 87' lang='grc' dir='ltr'>χρημάτων</span> <span class='ocrx_word' id='word_1_156' title='bbox 472 1969 504 2003; x_wconf 91' lang='grc' dir='ltr'>τε</span> <span class='ocrx_word' id='word_1_157' title='bbox 521 1943 632 2018; x_wconf 79' lang='grc' dir='ltr'>πλῆθος</span> <span class='ocrx_word' id='word_1_158' title='bbox 650 1939 826 2018; x_wconf 33' lang='grc' dir='ltr'>άφθονονμ</span> <span class='ocrx_word' id='word_1_159' title='bbox 805 1968 878 2034; x_wconf 85' lang='grc' dir='ltr'>ωστε</span> 
     </span>
     <span class='ocr_line' id='line_1_23' title="bbox 76 2024 879 2142; baseline 0.005 -58.04"><span class='ocrx_word' id='word_1_160' title='bbox 76 2024 303 2104; x_wconf 83' lang='grc' dir='ltr'>Ἀμεινοκλέι</span> <span class='ocrx_word' id='word_1_161' title='bbox 264 2057 303 2109; x_wconf 78' lang='grc' dir='ltr'>τῳ</span> <span class='ocrx_word' id='word_1_162' title='bbox 322 2031 464 2108; x_wconf 87' lang='grc' dir='ltr'>Κρητίνεω</span> <span class='ocrx_word' id='word_1_163' title='bbox 481 2030 560 2108; x_wconf 78' lang='grc' dir='ltr'>α’νδρὶ</span> <span class='ocrx_word' id='word_1_164' title='bbox 578 2029 718 2142; x_wconf 81' lang='grc' dir='ltr'>Μάγνητι,</span> <span class='ocrx_word' id='word_1_165' title='bbox 730 2026 879 2110; x_wconf 80' lang='grc' dir='ltr'>γηοχέοντι</span> 
     </span>
     <span class='ocr_line' id='line_1_24' title="bbox 76 2115 876 2230; baseline 0.005 -57"><span class='ocrx_word' id='word_1_166' title='bbox 76 2141 139 2193; x_wconf 91' lang='grc' dir='ltr'>περι</span> <span class='ocrx_word' id='word_1_167' title='bbox 130 2117 296 2194; x_wconf 75' lang='grc' dir='ltr'>Σηπιάδα,</span> <span class='ocrx_word' id='word_1_168' title='bbox 315 2118 479 2200; x_wconf 80' lang='grc' dir='ltr'>μεγάλως</span> <span class='ocrx_word' id='word_1_169' title='bbox 459 2145 478 2195; x_wconf 97' lang='grc' dir='ltr'>η</span> <span class='ocrx_word' id='word_1_170' title='bbox 496 2118 613 2227; x_wconf 88' lang='grc' dir='ltr'>ναυηγίη</span> <span class='ocrx_word' id='word_1_171' title='bbox 628 2117 736 2199; x_wconf 87' lang='grc' dir='ltr'>ἐγένετο</span> <span class='ocrx_word' id='word_1_172' title='bbox 754 2115 876 2230; x_wconf 81' lang='grc' dir='ltr'>χρηστή·</span> 
     </span>
    </p>

    <p class='ocr_par' dir='ltr' id='par_1_3' title="bbox 61 2203 958 3344">
     <span class='ocr_line' id='line_1_25' title="bbox 76 2203 877 2292; baseline 0.004 -31"><span class='ocrx_word' id='word_1_173' title='bbox 76 2230 106 2266; x_wconf 86' lang='grc' dir='ltr'>ος</span> <span class='ocrx_word' id='word_1_174' title='bbox 128 2206 226 2265; x_wconf 83' lang='grc' dir='ltr'>πολλά</span> <span class='ocrx_word' id='word_1_175' title='bbox 247 2210 299 2283; x_wconf 83' lang='grc' dir='ltr'>μὲν</span> <span class='ocrx_word' id='word_1_176' title='bbox 320 2206 429 2286; x_wconf 78' lang='grc' dir='ltr'>χρύσεα</span> <span class='ocrx_word' id='word_1_177' title='bbox 452 2205 583 2284; x_wconf 74' lang='grc' dir='ltr'>ποτήρια</span> <span class='ocrx_word' id='word_1_178' title='bbox 594 2203 701 2284; x_wconf 81' lang='grc' dir='ltr'>υστέρῳ</span> <span class='ocrx_word' id='word_1_179' title='bbox 721 2203 811 2292; x_wconf 83' lang='grc' dir='ltr'>χρόνῳ</span> <span class='ocrx_word' id='word_1_180' title='bbox 835 2210 877 2265; x_wconf 90' lang='grc' dir='ltr'>ἐκ·</span> 
     </span>
     <span class='ocr_line' id='line_1_26' title="bbox 74 2288 878 2374; baseline 0 -22"><span class='ocrx_word' id='word_1_181' title='bbox 74 2292 265 2370; x_wconf 87' lang='grc' dir='ltr'>βρασσόμενα</span> <span class='ocrx_word' id='word_1_182' title='bbox 278 2294 412 2366; x_wconf 76' lang='grc' dir='ltr'>ἀνείλετο,</span> <span class='ocrx_word' id='word_1_183' title='bbox 422 2294 520 2355; x_wconf 83' lang='grc' dir='ltr'>πολλά</span> <span class='ocrx_word' id='word_1_184' title='bbox 533 2292 590 2352; x_wconf 79' lang='grc' dir='ltr'>δὲ’</span> <span class='ocrx_word' id='word_1_185' title='bbox 572 2293 703 2374; x_wconf 87' lang='grc' dir='ltr'>αργόρεα·</span> <span class='ocrx_word' id='word_1_186' title='bbox 719 2288 878 2371; x_wconf 75' lang='grc' dir='ltr'>θησαυρούς</span> 
     </span>
     <span class='ocr_line' id='line_1_27' title="bbox 67 2378 877 2462; baseline 0.005 -26"><span class='ocrx_word' id='word_1_187' title='bbox 67 2381 106 2437; x_wconf 74' lang='grc' dir='ltr'>’τε</span> <span class='ocrx_word' id='word_1_188' title='bbox 122 2385 177 2441; x_wconf 80' lang='grc' dir='ltr'>τῶν</span> <span class='ocrx_word' id='word_1_189' title='bbox 190 2384 324 2460; x_wconf 88' lang='grc' dir='ltr'>Περσέων</span> <span class='ocrx_word' id='word_1_190' title='bbox 345 2381 414 2460; x_wconf 79' lang='grc' dir='ltr'>εὗρε,</span> <span class='ocrx_word' id='word_1_191' title='bbox 428 2381 505 2443; x_wconf 78' lang='grc' dir='ltr'>ἄλλα</span> <span class='ocrx_word' id='word_1_192' title='bbox 524 2408 556 2443; x_wconf 93' lang='grc' dir='ltr'>τε</span> <span class='ocrx_word' id='word_1_193' title='bbox 575 2380 683 2460; x_wconf 79' lang='grc' dir='ltr'>χρύσεα</span> <span class='ocrx_word' id='word_1_194' title='bbox 698 2378 795 2458; x_wconf 86' lang='grc' dir='ltr'>άφατα</span> <span class='ocrx_word' id='word_1_195' title='bbox 809 2380 877 2462; x_wconf 73' lang='grc' dir='ltr'>χρη-</span> 
     </span>
     <span class='ocr_line' id='line_1_28' title="bbox 76 2467 876 2550; baseline 0.008 -26"><span class='ocrx_word' id='word_1_196' title='bbox 76 2492 151 2540; x_wconf 87' lang='grc' dir='ltr'>ματα</span> <span class='ocrx_word' id='word_1_197' title='bbox 164 2470 379 2545; x_wconf 89' lang='grc' dir='ltr'>περιεβόλλετο.</span> <span class='ocrx_word' id='word_1_198' title='bbox 422 2469 499 2550; x_wconf 77' lang='grc' dir='ltr'>(ἀλλ’</span> <span class='ocrx_word' id='word_1_199' title='bbox 518 2470 534 2530; x_wconf 90' lang='grc' dir='ltr'>ό</span> <span class='ocrx_word' id='word_1_200' title='bbox 552 2472 603 2547; x_wconf 77' lang='grc' dir='ltr'>μὲν</span> <span class='ocrx_word' id='word_1_201' title='bbox 620 2468 715 2529; x_wconf 77' lang='grc' dir='ltr'>τᾶλλα</span> <span class='ocrx_word' id='word_1_202' title='bbox 733 2467 783 2529; x_wconf 73' lang='grc' dir='ltr'>οὐκ</span> <span class='ocrx_word' id='word_1_203' title='bbox 800 2469 876 2530; x_wconf 72' lang='grc' dir='ltr'>εὐτυ-</span> 
     </span>
     <span class='ocr_line' id='line_1_29' title="bbox 75 2553 877 2638; baseline 0.006 -26"><span class='ocrx_word' id='word_1_204' title='bbox 75 2553 155 2630; x_wconf 86' lang='grc' dir='ltr'>χέων,</span> <span class='ocrx_word' id='word_1_205' title='bbox 175 2555 313 2632; x_wconf 76' lang='grc' dir='ltr'>εὑρήμασι</span> <span class='ocrx_word' id='word_1_206' title='bbox 330 2558 404 2638; x_wconf 88' lang='grc' dir='ltr'>μέγα</span> <span class='ocrx_word' id='word_1_207' title='bbox 421 2559 560 2620; x_wconf 85' lang='grc' dir='ltr'>πλοόσιος</span> <span class='ocrx_word' id='word_1_208' title='bbox 577 2557 695 2637; x_wconf 91' lang='grc' dir='ltr'>ἐγένετο·</span> <span class='ocrx_word' id='word_1_209' title='bbox 716 2556 751 2632; x_wconf 87' lang='grc' dir='ltr'>ἦν</span> <span class='ocrx_word' id='word_1_210' title='bbox 766 2555 822 2638; x_wconf 91' lang='grc' dir='ltr'>γάρ</span> <span class='ocrx_word' id='word_1_211' title='bbox 834 2582 877 2622; x_wconf 92' lang='grc' dir='ltr'>τις</span> 
     </span>
     <span class='ocr_line' id='line_1_30' title="bbox 76 2641 875 2725; baseline 0.009 -27"><span class='ocrx_word' id='word_1_212' title='bbox 76 2641 121 2698; x_wconf 83' lang='grc' dir='ltr'>καὶ</span> <span class='ocrx_word' id='word_1_213' title='bbox 143 2646 243 2702; x_wconf 80' lang='grc' dir='ltr'>τοῦτον</span> <span class='ocrx_word' id='word_1_214' title='bbox 263 2643 363 2723; x_wconf 85' lang='grc' dir='ltr'>άχαρις</span> <span class='ocrx_word' id='word_1_215' title='bbox 380 2645 516 2723; x_wconf 87' lang='grc' dir='ltr'>συμφορῆ</span> <span class='ocrx_word' id='word_1_216' title='bbox 535 2647 666 2704; x_wconf 80' lang='grc' dir='ltr'>λυπεῦσα</span> <span class='ocrx_word' id='word_1_217' title='bbox 682 2643 875 2725; x_wconf 78' lang='grc' dir='ltr'>παιδοφόνος.)</span> 
     </span>
     <span class='ocr_line' id='line_1_31' title="bbox 76 2730 920 2812; baseline 0.005 -21"><span class='ocrx_word' id='word_1_218' title='bbox 76 2731 243 2812; x_wconf 81' lang='grc' dir='ltr'>Σιταγωγῶν</span> <span class='ocrx_word' id='word_1_219' title='bbox 269 2732 299 2791; x_wconf 82' lang='grc' dir='ltr'>δέ</span> <span class='ocrx_word' id='word_1_220' title='bbox 325 2732 450 2805; x_wconf 78' lang='grc' dir='ltr'>ὁλκάδων</span> <span class='ocrx_word' id='word_1_221' title='bbox 478 2733 524 2792; x_wconf 80' lang='grc' dir='ltr'>καὶ</span> <span class='ocrx_word' id='word_1_222' title='bbox 546 2736 601 2792; x_wconf 71' lang='grc' dir='ltr'>τῶν</span> <span class='ocrx_word' id='word_1_223' title='bbox 626 2730 723 2793; x_wconf 75' lang='grc' dir='ltr'>ἄλλων</span> <span class='ocrx_word' id='word_1_224' title='bbox 748 2733 920 2795; x_wconf 84' lang='grc' dir='ltr'>πλοίων191</span> 
     </span>
     <span class='ocr_line' id='line_1_32' title="bbox 75 2813 911 2898; baseline 0 -23"><span class='ocrx_word' id='word_1_225' title='bbox 75 2817 310 2897; x_wconf 82' lang='grc' dir='ltr'>διαφθειρομένων</span> <span class='ocrx_word' id='word_1_226' title='bbox 329 2819 380 2880; x_wconf 77' lang='grc' dir='ltr'>οὐκ</span> <span class='ocrx_word' id='word_1_227' title='bbox 399 2825 469 2898; x_wconf 83' lang='grc' dir='ltr'>ἐπῆν</span> <span class='ocrx_word' id='word_1_228' title='bbox 486 2813 612 2898; x_wconf 87' lang='grc' dir='ltr'>άριθμός·</span> <span class='ocrx_word' id='word_1_229' title='bbox 642 2818 714 2879; x_wconf 81' lang='grc' dir='ltr'>ὥστε</span> <span class='ocrx_word' id='word_1_230' title='bbox 735 2819 876 2884; x_wconf 87' lang='grc' dir='ltr'>δείσαντες</span> <span class='ocrx_word' id='word_1_231' title='bbox 905 2862 911 2875; x_wconf 94' lang='grc'>.</span> 
     </span>
     <span class='ocr_line' id='line_1_33' title="bbox 75 2907 875 2990; baseline 0.003 -27"><span class='ocrx_word' id='word_1_232' title='bbox 75 2909 101 2964; x_wconf 83' lang='grc' dir='ltr'>οἱ</span> <span class='ocrx_word' id='word_1_233' title='bbox 114 2908 269 2990; x_wconf 82' lang='grc' dir='ltr'>στρατηγοὶ</span> <span class='ocrx_word' id='word_1_234' title='bbox 281 2912 331 2968; x_wconf 84' lang='grc' dir='ltr'>τοῦ</span> <span class='ocrx_word' id='word_1_235' title='bbox 344 2913 473 2970; x_wconf 81' lang='grc' dir='ltr'>ναυτικοῦ</span> <span class='ocrx_word' id='word_1_236' title='bbox 488 2911 612 2986; x_wconf 82' lang='grc' dir='ltr'>στρατοῦ</span> <span class='ocrx_word' id='word_1_237' title='bbox 626 2907 667 2985; x_wconf 84' lang='grc' dir='ltr'>μή</span> <span class='ocrx_word' id='word_1_238' title='bbox 686 2914 743 2983; x_wconf 94' lang='grc' dir='ltr'>σφι</span> <span class='ocrx_word' id='word_1_239' title='bbox 759 2933 875 2966; x_wconf 91' lang='grc' dir='ltr'>κεκακω-</span> 
     </span>
     <span class='ocr_line' id='line_1_34' title="bbox 74 2991 874 3071; baseline 0 -18"><span class='ocrx_word' id='word_1_240' title='bbox 74 2995 184 3066; x_wconf 87' lang='grc' dir='ltr'>μένοισι</span> <span class='ocrx_word' id='word_1_241' title='bbox 208 2997 414 3057; x_wconf 65' lang='grc' dir='ltr'>ἐπιθέωνται’</span> <span class='ocrx_word' id='word_1_242' title='bbox 388 3024 415 3058; x_wconf 94' lang='grc' dir='ltr'>οι</span> <span class='ocrx_word' id='word_1_243' title='bbox 435 2995 626 3068; x_wconf 84' lang='grc' dir='ltr'>Θεσσαλοὶ,</span> <span class='ocrx_word' id='word_1_244' title='bbox 612 3020 691 3071; x_wconf 90' lang='grc' dir='ltr'>ερκος</span> <span class='ocrx_word' id='word_1_245' title='bbox 709 2991 857 3071; x_wconf 71' lang='grc' dir='ltr'>υψηλόν’</span> <span class='ocrx_word' id='word_1_246' title='bbox 844 3021 874 3054; x_wconf 91' lang='grc' dir='ltr'>εκ</span> 
     </span>
     <span class='ocr_line' id='line_1_35' title="bbox 74 3080 893 3190; baseline 0.012 -52"><span class='ocrx_word' id='word_1_247' title='bbox 74 3084 129 3139; x_wconf 81' lang='grc' dir='ltr'>τῶν</span> <span class='ocrx_word' id='word_1_248' title='bbox 144 3084 285 3190; x_wconf 83' lang='grc' dir='ltr'>ναυηγίων</span> <span class='ocrx_word' id='word_1_249' title='bbox 306 3086 521 3162; x_wconf 87' lang='grc' dir='ltr'>περιεβάλοντο</span> <span class='ocrx_word' id='word_1_250' title='bbox 548 3081 659 3159; x_wconf 65' lang='grc' dir='ltr'>ημέοος</span> <span class='ocrx_word' id='word_1_251' title='bbox 677 3105 737 3157; x_wconf 47' lang='grc' dir='ltr'>Ἰοῖ)</span> <span class='ocrx_word' id='word_1_252' title='bbox 752 3080 824 3147; x_wconf 60' lang='grc' dir='ltr'>ἳἪλ</span> <span class='ocrx_word' id='word_1_253' title='bbox 818 3080 893 3148; x_wconf 42' lang='lat' dir='ltr'>‘KQ‘</span> 
     </span>
     <span class='ocr_line' id='line_1_36' title="bbox 68 3169 924 3289; baseline -0.018 -51"><span class='ocrx_word' id='word_1_254' title='bbox 68 3169 143 3243; x_wconf 61' lang='grc' dir='ltr'>μαέῖ</span> <span class='ocrx_word' id='word_1_255' title='bbox 154 3174 237 3247; x_wconf 69' lang='grc' dir='ltr'>Τρεῖς·</span> <span class='ocrx_word' id='word_1_256' title='bbox 257 3174 343 3240; x_wconf 86' lang='grc' dir='ltr'>τέλος</span> <span class='ocrx_word' id='word_1_257' title='bbox 356 3175 424 3249; x_wconf 79' lang='grc' dir='ltr'>δὲ,”</span> <span class='ocrx_word' id='word_1_258' title='bbox 413 3203 520 3289; x_wconf 83' lang='grc' dir='ltr'>εντομα</span> <span class='ocrx_word' id='word_1_259' title='bbox 508 3171 729 3233; x_wconf 67' lang='grc' dir='ltr'>’τεποιευυτες</span> <span class='ocrx_word' id='word_1_260' title='bbox 742 3161 924 3218; x_wconf 58' lang='lat' dir='ltr'>mmm</span> 
     </span>
     <span class='ocr_line' id='line_1_37' title="bbox 61 3237 958 3348; baseline 0.008 -28"><span class='ocrx_word' id='word_1_261' title='bbox 61 3253 210 3320; x_wconf 66' lang='lat'>301‘7&#39;65</span> <span class='ocrx_word' id='word_1_262' title='bbox 171 3283 263 3338; x_wconf 81' lang='grc' dir='ltr'>γοησι</span> <span class='ocrx_word' id='word_1_263' title='bbox 280 3267 323 3344; x_wconf 71' lang='grc' dir='ltr'>τῷ</span> <span class='ocrx_word' id='word_1_264' title='bbox 338 3264 373 3325; x_wconf 75' lang='grc' dir='ltr'>άῐ</span> <span class='ocrx_word' id='word_1_265' title='bbox 376 3267 434 3348; x_wconf 84' lang='grc' dir='ltr'>έμ</span> <span class='ocrx_word' id='word_1_266' title='bbox 427 3295 438 3322; x_wconf 78' lang='grc' dir='ltr'>ι</span> <span class='ocrx_word' id='word_1_267' title='bbox 458 3295 490 3324; x_wconf 79' lang='grc' dir='ltr'>(ι.</span> <span class='ocrx_word' id='word_1_268' title='bbox 506 3260 561 3322; x_wconf 76' lang='lat' dir='ltr'>W(</span> <span class='ocrx_word' id='word_1_269' title='bbox 556 3283 630 3340; x_wconf 54' lang='lat'>&#39;7⁰⁸⁰</span> <span class='ocrx_word' id='word_1_270' title='bbox 643 3273 726 3326; x_wconf 57' lang='lat'>&#39;⁸9⁰⁹‘</span> <span class='ocrx_word' id='word_1_271' title='bbox 744 3269 782 3302; x_wconf 45' lang='grc' dir='ltr'>τε</span> <span class='ocrx_word' id='word_1_272' title='bbox 797 3237 958 3295; x_wconf 57' lang='lat' dir='ltr'>wffimssbs</span> 
     </span>
    </p>
   </div>
   <div class='ocr_carea' id='block_1_2' title="bbox 0 0 1016 3450">
    <p class='ocr_par' dir='ltr' id='par_1_4' title="bbox 0 0 1016 3450">
     <span class='ocr_line' id='line_1_38' title="bbox 0 0 1016 3450; baseline 0 1"><span class='ocrx_word' id='word_1_273' title='bbox 0 0 1016 3450; x_wconf 95' lang='lat' dir='ltr'> </span> 
     </span>
    </p>
   </div>
  </div>
 </body>
</html>
