2024 3450
85 106 161 173 1-6]
438 109 550 162 Ενκυο.
630 130 633 137 -
854 113 886 159 ιο

84 185 279 262 ἐβουλεύσατο
292 186 420 249 Φοίνικας
432 189 484 263 μὲν
499 187 692 263 ἐξαναστήσας
706 193 735 248 ἐν
747 192 783 268 τῇ
795 187 886 269 Ἰωνίη

86 274 252 345 κατοικίσαι,
261 273 358 337 Ἴωνας
372 275 401 333 δέ
417 280 446 334 ἐν
458 278 495 353 τῇ
508 276 631 355 Φοινίκῃ·
652 276 699 336 καὶ
713 276 818 337 τούτων
832 278 884 338 εἴν·

86 387 136 421 εκα
156 363 333 422 ἐπιστείλειε·
361 360 440 421 οὐδέν
461 388 489 422 τι
510 361 618 427 πάντως
637 369 725 424 ταῦτα
745 365 885 442 βασιλέος

85 450 326 535 βουλευσαμένου.
368 449 512 528 ἐδειμάτου
531 450 596 514 τοῦς
611 449 717 514 Ἴωνας.

127 539 210 599 Μετά
230 539 267 608 δέ,
283 539 298 598 6
311 538 444 603 Ἱστιαῖος
458 538 492 598 δι’
505 538 629 620 ἀγγέλου
649 539 809 616 ποιεύμενος
823 539 886 617 Ἑρ·
900 542 920 600 4

85 627 204 702 μίππου,
219 626 318 703 οἷνδρὸς
330 626 517 703 Ἀταρνείτεω,
531 630 608 686 τοῖσι
629 632 657 687 ἐν
672 625 791 704 Σάρδισι
808 631 887 687 ἐοῦσι

87 715 220 790 Περσέων
242 714 348 790 ἔπεμπε
368 715 489 790 βυβλία,
513 713 549 777 οἷς
569 714 887 792 προλελεσχηνευμένων

87 800 161 879 αὐτῷ
178 800 354 864 ἀποστάσιος
372 802 442 880 πέρι.
486 801 502 862 6
520 801 550 860 δέ
560 801 721 879 Ἕρμιππος
737 801 807 878 πρδς
822 802 887 866 τούς

87 890 140 963 μὲν
161 887 334 968 άπεπέμφθη
354 888 387 948 οὔ
408 889 486 960 διδοῖ,
511 889 603 966 φέρων
625 890 654 948 δὲ
678 890 828 968 ἐνεχείρισε
851 891 887 950 τά

87 976 202 1052 βυβλία
218 974 410 1053 Ἀρταφέρνεῖ·
431 977 447 1037 6
469 977 498 1036 δέ
519 977 616 1054 μαθών
637 977 711 1038 ἅπαν
731 976 764 1038 τό
785 978 894 1058 γινόμε-

87 1088 144 1133 νον,
158 1064 267 1123 ἐκέλευε
284 1063 334 1125 τδν
348 1063 511 1143 Ἕρμιππον
528 1065 564 1125 τά
582 1068 633 1142 μὲν
646 1064 723 1142 παρά
736 1070 787 1126 τοῦ
800 1066 885 1125 Ἱστι-

87 1151 149 1209 αίου
171 1151 264 1211 δοῦναι
285 1154 407 1230 φέροντα
428 1153 508 1213 τοῖσί
523 1179 575 1229 περ
595 1153 684 1230 ἔφερε,
702 1153 737 1212 τά
775 1154 885 1231 ἐάμοι-

86 1238 158 1312 βαΐα
170 1239 206 1298 τά
218 1241 295 1318 παρά
307 1245 362 1300 τῶν
376 1241 510 1318 Περσέων
523 1239 751 1318 ἀντιπεμπόμενα
764 1241 886 1320 Ἱστιαίῳ

88 1329 175 1407 ἑωυτῷ
193 1327 296 1388 δοῦναι.
337 1328 440 1388 τούτων
453 1328 483 1386 δὲ
498 1328 652 1407 γενομένων
669 1330 805 1403 φανερῶν,
819 1325 886 1385 α’πέ-

87 1439 174 1474 κτεινε
198 1417 315 1474 ἐνθαῦτα
339 1415 465 1477 πολλοὺς
486 1414 619 1491 Περσέων
644 1414 659 1473 6
682 1413 884 1490 Ἀρταφέρνης.

86 1503 151 1577 περὶ
171 1501 271 1577 Σάρδις
290 1504 342 1576 μὲν
362 1501 396 1575 δή
417 1502 522 1580 ε’γίνετο
542 1499 661 1577 ταραχή.

127 1586 260 1646 Ἱστιαῖον
273 1587 303 1645 δὲ
312 1585 415 1662 ταύτης
424 1586 631 1661 ἀποσφαλέντα
640 1591 690 1661 τῆς
701 1585 813 1649 ἐλπιδος
821 1590 887 1646 Χῖοι
901 1592 920 1648 5

89 1677 210 1754 κατῆγον
224 1679 251 1736 ἐς
264 1674 403 1748 Μίλητον,
417 1671 502 1733 αὐτοῦ
514 1672 648 1732 Ἱστιαίου
665 1674 817 1749 δεηθέντος.
859 1679 886 1734 οἱ

88 1763 118 1822 δέ
131 1762 271 1838 Μιλήσιοι
285 1761 403 1839 ἅσμενοι
417 1761 646 1841 ἀπαλλαχθέντες
660 1763 707 1822 καὶ
719 1761 886 1845 Ἀρισταγό-

87 1877 148 1925 ρεω,
163 1848 287 1927 οὐδαμῶς
307 1849 445 1928 πρόθυμοι
465 1849 540 1926 ἦσαν
560 1848 650 1911 άλλον
666 1849 799 1929 τύραννον
813 1852 885 1911 δέκε-

87 1938 156 1997 σθαι
178 1943 205 2002 ἐς
225 1940 276 2015 τήν
293 1938 394 2018 χώρην,
413 1937 459 1998 οἷά
477 1965 509 1999 τε
529 1939 685 2016 ἐλευθερίης
705 1939 884 2020 γευσάμενοι.

88 2026 134 2086 καὶ
154 2027 197 2102 δή,
219 2028 316 2091 νυκτὸς
336 2027 390 2109 γάρ
413 2027 513 2104 ἐούσης
530 2029 582 2107 βίη
602 2032 730 2105 ἐπειρᾶτο
749 2028 849 2088 κατιών
869 2030 885 2088 6

86 2114 219 2179 Ἱστιαῖος
242 2121 269 2180 ἐς
288 2117 340 2192 τήν
360 2117 499 2191 Μιλητον,
519 2114 701 2192 τιτρώσκεται
724 2114 774 2174 τδν
795 2116 887 2192 μηρόν

86 2201 142 2263 ὑπό
156 2229 203 2262 τευ
222 2209 276 2264 τῶν
290 2206 451 2280 Μιλησίων.
492 2203 508 2263 6
526 2207 578 2281 μὲν
591 2202 624 2279 δή
639 2202 674 2275 ὦς
687 2201 818 2265 α’πωστὸς
836 2208 886 2279 τῆς

87 2293 187 2350 ἐωυτοῦ
196 2293 309 2372 γίνεται,
323 2291 479 2351 άπικνέεται
493 2290 585 2351 ὀπίσω
598 2297 625 2354 ἐς
637 2291 689 2365 τήν
700 2293 780 2351 Χίον·
795 2293 883 2352 ἐνθεῦ-

85 2403 133 2437 τεν
150 2378 187 2448 δὲ,
202 2379 233 2437 06
253 2380 307 2459 γὰρ
328 2380 419 2438 ἔπειθε
439 2380 503 2443 τούς
519 2381 605 2441 Χίους
627 2378 698 2439 ὥστε
718 2383 807 2458 ἑωυτῷ
825 2380 885 2438 δοῦ-

86 2490 131 2524 ναι
151 2466 221 2533 νέας,
236 2467 317 2542 διέβη
340 2471 366 2530 ἐς
387 2466 551 2543 Μυτιλήνην
572 2467 617 2525 καὶ
636 2469 729 2526 ἐπεισε
743 2469 886 2542 Λεσβίους

86 2551 184 2610 δοῦναί
202 2555 228 2609 οἱ
248 2554 319 2620 νέας,
362 2555 430 2612 οἶδὲ
446 2555 646 2631 πληρώσαντες
666 2554 738 2613 όκτιδ
759 2554 887 2630 τριήρεας

86 2641 187 2697 ἔπλεον
207 2637 266 2714 ἅμα
279 2639 399 2719 Ἱστιαίῳ
421 2647 447 2704 ἐς
469 2642 629 2712 Βυζάντιον·
652 2643 770 2701 ἐνθαῦτα
786 2641 816 2700 δέ
832 2642 883 2712 ἱζό-

85 2735 172 2802 μενοι,
195 2725 245 2790 τάς
269 2732 299 2785 ἐκ
322 2732 370 2787 τοῦ
396 2729 507 2789 Πόντου
533 2731 714 2793 ἐκπλωούσας
739 2734 793 2788 τῶν
820 2733 887 2788 νεῶν

86 2813 258 2892 ἐλάμβανον,
283 2817 359 2892 πλήν
376 2816 400 2893 6
426 2818 489 2877 ὅσοι
517 2817 606 2876 αὐτῶν
630 2818 753 2895 Ἱστιαίῳ
777 2816 888 2890 ἔφασαν

86 2905 193 2979 έτοῖμοι
215 2904 284 2964 εἶναι
305 2906 462 2964 πείθεσθαι.

125 2988 258 3054 Ἱστιαῖος
270 2993 322 3068 μέν
336 3019 383 3053 νυν
398 2993 444 3050 καὶ
458 2995 651 3066 Μυτιληναῖοι
671 2990 779 3048 ἐποίευν
792 2992 893 3045 ταῖπω
907 2992 932 3044 Q

85 3077 131 3135 ἐπὶ
145 3078 176 3135 δέ
186 3079 319 3155 Μίλητον
332 3079 420 3158 ου’τήν
435 3079 566 3144 ναυτικὸς
581 3078 700 3140 πολλὸς
714 3077 765 3135 καλ
776 3071 868 3137 πἰῗεῗὶῖ
879 3078 917 3138 Ψ

74 3163 197 3237 στρατός
211 3169 421 3247 προσδόκιμος.
469 3169 705 3248 συστραφέντες
719 3161 784 3244 ’γὰρ
797 3159 831 3214 0²2
845 3173 944 3253 ⁰³6oe

61 3249 146 3324 τηγοὶ
167 3255 227 3310 τῶν
242 3261 400 3332 Περσέων,
427 3262 479 3321 καὶ
504 3261 540 3322 ἓν
564 3257 764 3332 ποιήσαντες
790 3250 971 3314 mmm·
