2024 3450
99 108 239 169 212-218]
412 111 597 162 HOATMNIA.
850 112 896 159 209

97 213 165 266 ριον,
181 187 245 246 ἀλλ’
260 189 306 247 ἐπὶ
318 185 457 269 Ἐπιάλτῃ
470 196 508 269 τῷ
521 191 666 271 Τρηχινίῳ,
680 191 788 254 πάντως
803 215 852 250 κου
864 189 898 250 τό

97 275 299 353 ἀτρεκέστατον
326 278 486 353 πυθόμενοι·
513 281 595 337 τοῦτο
622 277 659 346 δέ,
683 277 823 358 φεύγοντα
848 277 898 337 τόν
969 309 971 312 ’

96 363 251 439 Ἐπιάλτην
275 364 377 439 ταύτην
400 364 451 440 τὴν
475 367 565 440 αἰτίην
589 365 709 438 οἴδαμεν·
742 366 823 441 εἰδείη
845 367 897 441 μὲν

97 449 152 529 γάρ
172 450 278 523 ἂν,καί
299 451 349 511 ἐιῦν
369 451 409 528 μὴ
430 452 565 528 Μηλιεῦς,
581 451 683 527 ταύτην
703 452 755 527 τὴν
774 452 898 528 ἀτραπόν

96 535 216 614 Ὀνήτης
231 543 254 597 εἰ
266 544 301 617 τῇ
314 538 392 618 χάρη
403 539 500 598 πολλά
513 538 661 617 ἀμιληκιῦς
673 539 724 613 εἴη·
744 538 809 596 ἀλλ’
821 539 897 597 Ἐπι-

98 624 185 701 άλτης
197 626 252 706 γάρ
267 632 328 685 ἐστι
342 627 358 686 ὁ
372 627 612 708 περιηγησάμενος
624 623 658 685 τό
672 623 753 703 οὔρος
766 624 834 685 κατά
847 626 898 700 τὴν

99 712 231 798 ἀτραπόν,
246 718 344 773 τοῦτον
357 715 445 773 αἴτιον
457 714 567 795 γράφω.

140 801 245 876 Ξέρξης
256 801 293 870 δέ,
303 802 365 859 ἐπεί
373 805 399 860 οἷ
410 801 494 879 ἤρεσε
504 801 539 862 τά
550 801 690 880 ὔπέσχετο
701 801 717 860 ό
727 799 878 876 Ἐπιάλτης
886 803 942 860 215

101 886 333 968 κατεργάσεσθαι,
348 889 446 950 αῦτίκα
461 888 614 968 περιχαρὴς
628 888 775 968 γενόμενος
793 890 898 965 ἔπεμπε

99 973 241 1052 Ὑδάρνεα,
265 977 310 1035 καὶ
334 982 388 1038 τιῦν
412 976 581 1057 ἐστρατήγεε
603 974 745 1054 Ὑδάρνης·
773 975 897 1053 ὦρμέατο

99 1063 129 1122 δὲ
149 1065 211 1141 περὶ
229 1064 338 1143 λύχνων
354 1065 429 1141 άφάς
450 1070 480 1123 ἐκ
500 1069 549 1125 τοῦ
566 1065 767 1142 στρατοπέδου.
801 1063 851 1140 τὴν
867 1064 897 1124 δὲ

99 1151 223 1229 ἀτραπόν
239 1153 342 1229 ταύτην
361 1154 470 1230 ἐξεῦρον
489 1155 540 1230 μὲν
557 1156 583 1212 οἱ
604 1153 746 1232 ἐπιχώριοι
765 1153 895 1228 Μηλιέες,

99 1240 252 1317 ἐξευρόντες
271 1242 300 1299 δέ
316 1244 497 1301 Θεσσαλοῖσι
515 1239 711 1321 κατηγήσαντο
730 1241 775 1299 ἐπὶ
787 1242 897 1304 Φωκέας

97 1326 169 1397 τότε,
189 1327 235 1388 ὅτε
254 1332 280 1387 οἰ
298 1330 404 1391 Φωκέες
422 1329 578 1405 φράξαντες
595 1331 681 1407 τείχεῖ
698 1328 749 1402 την
768 1327 897 1402 ἐσβολὴν

98 1412 172 1488 ἦσαν
188 1421 217 1475 ἐν
233 1417 325 1492 σκέπη
342 1420 392 1475 τοῦ
410 1415 546 1491 πολέμου·
569 1417 597 1472 ἐκ
616 1441 647 1472 τε
664 1414 752 1474 τόσου
770 1415 803 1489 δή
820 1439 896 1473 κατε-

98 1501 208 1560 δέδεκτο
229 1506 314 1561 ἐοῦσα
335 1501 414 1561 οῦδὲν
432 1501 544 1578 χρηστὴ
563 1505 713 1576 Μηλιεῦσι
746 1500 827 1580 Ἔχει
847 1501 876 1560 δὲ
886 1503 943 1562 216

99 1584 151 1645 ὦδε
163 1589 182 1663 ἦ
196 1588 319 1665 ἀτραπός
334 1588 413 1664 αὔτη·
435 1587 550 1667 ἀρχεται
568 1590 619 1663 μέν
633 1587 688 1648 ἀπό
704 1592 754 1648 τοῦ
765 1589 898 1649 Ἀσωποῦ

99 1679 226 1750 ποταμοῦ
239 1681 289 1734 τοῦ
305 1676 350 1734 διά
366 1681 416 1752 τῆς
435 1673 594 1755 διασφάγος
609 1678 728 1752 ῥέοντος·
750 1676 855 1754 οὔνομα
868 1678 898 1736 δὲ

99 1766 136 1839 τῷ
147 1762 222 1840 οὔρεϊ
235 1762 322 1842 τούτῳ
333 1765 378 1821 καὶ
390 1769 425 1842 τῇ
435 1762 549 1842 ἀτραπῷ
558 1763 645 1823 τάυτῦ
656 1769 742 1823 κεῖται
751 1763 896 1825 Ἀνόπαια·

99 1849 180 1908 τείνει
201 1850 230 1908 δέ
250 1851 268 1925 ἡ
288 1849 424 1910 Ἀνόπαια
445 1853 515 1927 αὕτη
536 1851 607 1910 κατά
623 1850 705 1931 ῥάχιν
721 1857 772 1912 τοῦ
794 1852 896 1930 οὔρεος·

99 1936 181 2016 λήγει
198 1935 231 2011 δη
253 1937 323 1997 κατά
343 1965 373 1998 τε
390 1939 533 2014 Ἀλπηνόν
553 1940 645 2012 πόλιν,
665 1939 777 2016 πράτην
798 1945 898 2000 ἐοῦσαν

99 2028 153 2083 τιῦν
167 2025 308 2102 Λοκρίδων
321 2025 391 2103 πρός
406 2030 460 2086 τιῦν
475 2026 615 2102 Μηλιέων,
629 2027 761 2090 καὶκατὰ
779 2027 898 2104 Μελάμ-

99 2112 188 2192 πυγόν
214 2140 245 2172 τε
272 2113 441 2191 καλεόμενον
466 2115 549 2175 λίθον
572 2116 618 2174 καὶ
646 2114 716 2173 κατά
742 2113 899 2192 Κερκάπων

100 2199 187 2276 ἔδρας·
208 2227 243 2280 τη
260 2202 354 2262 καὶτὰ
374 2200 553 2263 στεινότατόν
569 2208 639 2261 ἐστι.
674 2201 757 2262 Κατά
775 2201 944 2279 ταύτην217

99 2287 133 2363 δὴ
151 2288 203 2364 τήν
221 2287 345 2366 ἀτραπόν
366 2291 411 2348 καὶ
434 2289 505 2349 οὔτω
527 2291 648 2369 ἐχουσαν
669 2293 695 2349 οἶ
718 2291 829 2368 Πέρσαι
848 2289 898 2351 τόν

98 2373 229 2436 Ἀσωπὸν
242 2377 389 2452 διαβάντες
407 2377 571 2455 ἐπορεύοντο
587 2382 684 2437 πᾶσαν
698 2378 749 2454 την
763 2379 854 2453 νύκτα,
868 2383 898 2440 ἐν

100 2462 175 2541 δεξιῇ
187 2468 240 2542 μὲν
256 2467 364 2543 ἔχοντες
383 2465 465 2543 οὔρεα
480 2466 515 2524 τά
533 2467 652 2525 Οἰταίων
671 2472 700 2525 ἐν
717 2466 853 2545 ἀριστερῇ
867 2466 898 2527 δέ

99 2549 135 2608 τά
153 2554 313 2630 Τρηχινίων·
334 2551 390 2628 ἡάς
405 2579 436 2612 τε
452 2552 485 2629 δή
502 2553 634 2629 διέφαινε,
652 2554 697 2612 καὶ
713 2555 839 2634 ἐγένοντο
856 2555 898 2614 ἐπ’

100 2636 258 2718 ἀκρωτηρίῳ
278 2643 327 2699 τοῦ
349 2639 451 2717 οὔρεος.
494 2641 564 2699 κατὰ
584 2641 614 2700 δὲ
633 2645 715 2701 τοῦτο
735 2646 784 2702 τοῦ
804 2641 899 2720 οὔρεος

101 2725 276 2801 ἐφύλασσον,
292 2727 326 2791 οἷς
341 2730 386 2786 καὶ
401 2727 537 2806 πρότερόν
549 2753 599 2804 μοι
612 2727 771 2803 δεδήλωται,
786 2732 900 2791 Φωκέων

98 2815 188 2893 χίλιοι
201 2814 324 2885 ὁπλῖται,
338 2815 470 2892 ῥυόμενοί
480 2844 511 2877 τε
528 2818 579 2893 την
595 2817 736 2893 σφετέρην
748 2817 841 2895 χώρην
854 2818 899 2876 καὶ

101 2904 283 2980 φρουρέοντες
300 2904 352 2980 τήν
364 2905 499 2984 ἀτραπόν·
520 2905 538 2981 ἡ
555 2908 607 2983 μὲν
622 2905 677 2986 γάρ
694 2902 767 2961 κάτω
786 2904 907 2974 ἐσβολὴ

101 2990 282 3063 ἐφυλάσσετο
295 2991 349 3054 ὔπῦ
366 2999 421 3057 τῶν
436 2996 553 3076 εἴρηται·
577 2993 630 3071 τὴν
643 2993 679 3051 δε
690 2990 745 3048 διὰ
758 2990 814 3044 muza
830 2983 936 3078 ἀυυῑξῖ

89 3075 217 3149 α’τραπάν
242 3083 394 3145 ἐθελονταὶ
424 3088 540 3153 Φωκέες
567 3078 793 3152 ι’νιτοδεξίῑιλῑνῦι
813 3059 967 3172 21⁸²me
992 3125 1004 3144 «

79 3160 264 3230 ἐφύλασσον,
293 3170 439 3252 Έμαθον
455 3178 488 3239 δέ
505 3183 616 3256 σῷως
630 3173 663 3232 οἱ
671 3159 798 3224 Φωκέες
813 3147 878 3251 ωἳρε
890 3157 1004 3262 ‹uta-w

60 3247 253 3321 Μ’]Κότας·
276 3259 515 3342 ἀναβαίνοντες
534 3266 604 3349 γὰρ
621 3250 805 3321 ἶλᾶνθανον
830 3228 962 3290 θῶῳ
