<?xml version="1.0" encoding="UTF-8"?>
<!DOCTYPE html PUBLIC "-//W3C//DTD XHTML 1.0 Transitional//EN"
    "http://www.w3.org/TR/xhtml1/DTD/xhtml1-transitional.dtd">
<html xmlns="http://www.w3.org/1999/xhtml" xml:lang="en" lang="en">
 <head>
  <title>
</title>
<meta http-equiv="Content-Type" content="text/html;charset=utf-8" />
  <meta name='ocr-system' content='tesseract 3.04.00' />
  <meta name='ocr-capabilities' content='ocr_page ocr_carea ocr_par ocr_line ocrx_word'/>
</head>
<body>
  <div class='ocr_page' id='page_1' title='image "./recensuitjoseph01herogoog_0209.png"; bbox 0 0 2024 3450; ppageno 0'>
   <div class='ocr_carea' id='block_1_1' title="bbox 117 105 917 175">
    <p class='ocr_par' dir='ltr' id='par_1_1' title="bbox 117 105 917 175">
     <span class='ocr_line' id='line_1_1' title="bbox 117 105 917 175; baseline -0.001 -13"><span class='ocrx_word' id='word_1_1' title='bbox 117 115 164 162; x_wconf 69' lang='grc' dir='ltr'>τοι</span> <span class='ocrx_word' id='word_1_2' title='bbox 424 112 608 161; x_wconf 71' lang='grc' dir='ltr'>Ἤνοιοιου</span> <span class='ocrx_word' id='word_1_3' title='bbox 837 105 917 175; x_wconf 71' lang='lat' dir='ltr'>[vm</span> 
     </span>
    </p>
   </div>
   <div class='ocr_carea' id='block_1_2' title="bbox 337 191 442 212">
    <p class='ocr_par' dir='ltr' id='par_1_2' title="bbox 337 191 442 212">
     <span class='ocr_line' id='line_1_2' title="bbox 337 191 442 212; baseline 0 0"><span class='ocrx_word' id='word_1_4' title='bbox 337 191 345 212; x_wconf 88' lang='grc' dir='ltr'><em>Ι</em></span> <span class='ocrx_word' id='word_1_5' title='bbox 403 191 442 212; x_wconf 65' lang='lat'>22</span> 
     </span>
    </p>
   </div>
   <div class='ocr_carea' id='block_1_3' title="bbox 13 191 955 3354">
    <p class='ocr_par' dir='ltr' id='par_1_3' title="bbox 27 191 942 2289">
     <span class='ocr_line' id='line_1_3' title="bbox 113 191 917 271; baseline 0.004 -20"><span class='ocrx_word' id='word_1_6' title='bbox 113 193 281 268; x_wconf 81' lang='grc' dir='ltr'>Λαφυστίου</span> <span class='ocrx_word' id='word_1_7' title='bbox 292 199 369 256; x_wconf 84' lang='grc' dir='ltr'>Διος·</span> <span class='ocrx_word' id='word_1_8' title='bbox 391 219 427 256; x_wconf 88' lang='grc' dir='ltr'>ως</span> <span class='ocrx_word' id='word_1_9' title='bbox 443 193 586 270; x_wconf 83' lang='grc' dir='ltr'>Αθόμαςό</span> <span class='ocrx_word' id='word_1_10' title='bbox 597 192 703 254; x_wconf 75' lang='grc' dir='ltr'>Αἰόλου</span> <span class='ocrx_word' id='word_1_11' title='bbox 714 191 917 271; x_wconf 76' lang='grc' dir='ltr'>ἐμηχανήσατο</span> 
     </span>
     <span class='ocr_line' id='line_1_4' title="bbox 114 278 916 358; baseline 0.004 -20"><span class='ocrx_word' id='word_1_12' title='bbox 114 281 204 358; x_wconf 80' lang='grc' dir='ltr'>Φρίξῳ</span> <span class='ocrx_word' id='word_1_13' title='bbox 229 280 325 356; x_wconf 86' lang='grc' dir='ltr'>μόρον,</span> <span class='ocrx_word' id='word_1_14' title='bbox 348 279 401 340; x_wconf 79' lang='grc' dir='ltr'>σύν</span> <span class='ocrx_word' id='word_1_15' title='bbox 421 278 489 340; x_wconf 84' lang='grc' dir='ltr'>Ἰνοῖ</span> <span class='ocrx_word' id='word_1_16' title='bbox 507 280 679 357; x_wconf 76' lang='grc' dir='ltr'>βουλεύσας·</span> <span class='ocrx_word' id='word_1_17' title='bbox 706 281 854 357; x_wconf 88' lang='grc' dir='ltr'>μετέπειτα</span> <span class='ocrx_word' id='word_1_18' title='bbox 876 281 916 356; x_wconf 68' lang='grc' dir='ltr'>δέ,</span> 
     </span>
     <span class='ocr_line' id='line_1_5' title="bbox 114 367 918 448; baseline 0.005 -23"><span class='ocrx_word' id='word_1_19' title='bbox 114 367 149 429; x_wconf 71' lang='grc' dir='ltr'>οἷς</span> <span class='ocrx_word' id='word_1_20' title='bbox 170 373 200 426; x_wconf 93' lang='grc' dir='ltr'>ε’κ</span> <span class='ocrx_word' id='word_1_21' title='bbox 221 369 389 445; x_wconf 85' lang='grc' dir='ltr'>θεοπροπίου</span> <span class='ocrx_word' id='word_1_22' title='bbox 405 368 515 448; x_wconf 83' lang='grc' dir='ltr'>Ἀχαιοὶ</span> <span class='ocrx_word' id='word_1_23' title='bbox 535 369 694 446; x_wconf 80' lang='grc' dir='ltr'>προτιθεῖσι</span> <span class='ocrx_word' id='word_1_24' title='bbox 713 372 790 427; x_wconf 83' lang='grc' dir='ltr'>τοῖσι</span> <span class='ocrx_word' id='word_1_25' title='bbox 811 369 918 429; x_wconf 80' lang='grc' dir='ltr'>ἐκείνου</span> 
     </span>
     <span class='ocr_line' id='line_1_6' title="bbox 115 454 918 536; baseline 0.004 -23"><span class='ocrx_word' id='word_1_26' title='bbox 115 455 280 536; x_wconf 72' lang='grc' dir='ltr'>ἀπογόνοισι</span> <span class='ocrx_word' id='word_1_27' title='bbox 301 454 420 520; x_wconf 85' lang='grc' dir='ltr'>α’έθλους</span> <span class='ocrx_word' id='word_1_28' title='bbox 439 457 577 516; x_wconf 75' lang='grc' dir='ltr'>τοιούσδε·</span> <span class='ocrx_word' id='word_1_29' title='bbox 604 456 635 519; x_wconf 77' lang='grc' dir='ltr'>ὃς</span> <span class='ocrx_word' id='word_1_30' title='bbox 655 455 689 514; x_wconf 82' lang='grc' dir='ltr'>ἂν</span> <span class='ocrx_word' id='word_1_31' title='bbox 709 454 728 534; x_wconf 80' lang='grc' dir='ltr'><em>ᾗ</em></span> <span class='ocrx_word' id='word_1_32' title='bbox 746 460 797 515; x_wconf 83' lang='grc' dir='ltr'>τοῦ</span> <span class='ocrx_word' id='word_1_33' title='bbox 822 456 918 536; x_wconf 79' lang='grc' dir='ltr'>γένεος</span> 
     </span>
     <span class='ocr_line' id='line_1_7' title="bbox 114 542 918 623; baseline 0.001 -20"><span class='ocrx_word' id='word_1_34' title='bbox 114 544 213 604; x_wconf 92' lang='grc' dir='ltr'>τούτου</span> <span class='ocrx_word' id='word_1_35' title='bbox 240 542 445 620; x_wconf 88' lang='grc' dir='ltr'>πρεσβύτατος,</span> <span class='ocrx_word' id='word_1_36' title='bbox 468 544 556 623; x_wconf 80' lang='grc' dir='ltr'>τούτῳ</span> <span class='ocrx_word' id='word_1_37' title='bbox 584 544 760 612; x_wconf 75' lang='grc' dir='ltr'>ἐπιτάξαντες</span> <span class='ocrx_word' id='word_1_38' title='bbox 783 544 918 623; x_wconf 81' lang='grc' dir='ltr'>ἔργεσθαι</span> 
     </span>
     <span class='ocr_line' id='line_1_8' title="bbox 114 630 919 710; baseline 0 -18"><span class='ocrx_word' id='word_1_39' title='bbox 114 637 163 692; x_wconf 85' lang='grc' dir='ltr'>τοῦ</span> <span class='ocrx_word' id='word_1_40' title='bbox 184 633 359 710; x_wconf 80' lang='grc' dir='ltr'>πρυτανηίου,</span> <span class='ocrx_word' id='word_1_41' title='bbox 383 630 461 691; x_wconf 72' lang='grc' dir='ltr'>αὐτοὶ</span> <span class='ocrx_word' id='word_1_42' title='bbox 480 631 608 708; x_wconf 78' lang='grc' dir='ltr'>φυλακὰς</span> <span class='ocrx_word' id='word_1_43' title='bbox 628 632 735 710; x_wconf 82' lang='grc' dir='ltr'>έχουσι·</span> <span class='ocrx_word' id='word_1_44' title='bbox 757 631 866 708; x_wconf 85' lang='grc' dir='ltr'>(λήῖτον</span> <span class='ocrx_word' id='word_1_45' title='bbox 888 633 919 692; x_wconf 75' lang='grc' dir='ltr'>δέ</span> 
     </span>
     <span class='ocr_line' id='line_1_9' title="bbox 116 717 916 800; baseline -0.001 -21"><span class='ocrx_word' id='word_1_46' title='bbox 116 721 251 780; x_wconf 88' lang='grc' dir='ltr'>καλέουσι</span> <span class='ocrx_word' id='word_1_47' title='bbox 267 719 301 779; x_wconf 82' lang='grc' dir='ltr'>τδ</span> <span class='ocrx_word' id='word_1_48' title='bbox 319 719 488 797; x_wconf 79' lang='grc' dir='ltr'>πρυτανήϊον</span> <span class='ocrx_word' id='word_1_49' title='bbox 504 723 531 779; x_wconf 82' lang='grc' dir='ltr'>οἱ</span> <span class='ocrx_word' id='word_1_50' title='bbox 542 719 676 798; x_wconf 73' lang='grc' dir='ltr'>Ἀχαιοί)</span> <span class='ocrx_word' id='word_1_51' title='bbox 697 717 732 795; x_wconf 83' lang='grc' dir='ltr'>ἢν</span> <span class='ocrx_word' id='word_1_52' title='bbox 752 719 781 778; x_wconf 83' lang='grc' dir='ltr'>δὲ</span> <span class='ocrx_word' id='word_1_53' title='bbox 801 720 916 800; x_wconf 87' lang='grc' dir='ltr'>ε’σέλθῃ,</span> 
     </span>
     <span class='ocr_line' id='line_1_10' title="bbox 117 805 919 885; baseline 0.001 -18"><span class='ocrx_word' id='word_1_54' title='bbox 117 806 167 867; x_wconf 86' lang='grc' dir='ltr'>ούκ</span> <span class='ocrx_word' id='word_1_55' title='bbox 182 810 242 867; x_wconf 83' lang='grc' dir='ltr'>ἔστι</span> <span class='ocrx_word' id='word_1_56' title='bbox 256 807 325 871; x_wconf 88' lang='grc' dir='ltr'>ὅκως</span> <span class='ocrx_word' id='word_1_57' title='bbox 339 807 424 876; x_wconf 79' lang='grc' dir='ltr'>ἔξεισι</span> <span class='ocrx_word' id='word_1_58' title='bbox 440 808 506 884; x_wconf 86' lang='grc' dir='ltr'>πρὶν</span> <span class='ocrx_word' id='word_1_59' title='bbox 518 805 537 881; x_wconf 80' lang='grc' dir='ltr'>ἢ</span> <span class='ocrx_word' id='word_1_60' title='bbox 551 806 689 868; x_wconf 90' lang='grc' dir='ltr'>θύσεσθαι</span> <span class='ocrx_word' id='word_1_61' title='bbox 701 808 805 885; x_wconf 81' lang='grc' dir='ltr'>μέλλῃ·</span> <span class='ocrx_word' id='word_1_62' title='bbox 834 807 869 870; x_wconf 81' lang='grc' dir='ltr'>ὥς</span> <span class='ocrx_word' id='word_1_63' title='bbox 887 836 919 868; x_wconf 93' lang='grc' dir='ltr'>τε</span> 
     </span>
     <span class='ocr_line' id='line_1_11' title="bbox 116 893 919 974; baseline 0.001 -19"><span class='ocrx_word' id='word_1_64' title='bbox 116 897 156 955; x_wconf 77' lang='grc' dir='ltr'>ἔτι</span> <span class='ocrx_word' id='word_1_65' title='bbox 169 896 240 974; x_wconf 82' lang='grc' dir='ltr'>πρός</span> <span class='ocrx_word' id='word_1_66' title='bbox 255 894 389 964; x_wconf 88' lang='grc' dir='ltr'>τούτοισι,</span> <span class='ocrx_word' id='word_1_67' title='bbox 403 896 509 955; x_wconf 85' lang='grc' dir='ltr'>πολλοὶ</span> <span class='ocrx_word' id='word_1_68' title='bbox 529 893 582 970; x_wconf 77' lang='grc' dir='ltr'>ἤδη</span> <span class='ocrx_word' id='word_1_69' title='bbox 602 899 657 954; x_wconf 85' lang='grc' dir='ltr'>τῶν</span> <span class='ocrx_word' id='word_1_70' title='bbox 675 893 838 971; x_wconf 78' lang='grc' dir='ltr'>μελλόντων</span> <span class='ocrx_word' id='word_1_71' title='bbox 854 897 919 956; x_wconf 87' lang='grc' dir='ltr'>τού-</span> 
     </span>
     <span class='ocr_line' id='line_1_12' title="bbox 114 981 920 1062; baseline 0.001 -20"><span class='ocrx_word' id='word_1_72' title='bbox 114 1009 168 1043; x_wconf 88' lang='grc' dir='ltr'>των</span> <span class='ocrx_word' id='word_1_73' title='bbox 195 983 340 1054; x_wconf 87' lang='grc' dir='ltr'>θύσεσθαι,</span> <span class='ocrx_word' id='word_1_74' title='bbox 370 982 518 1053; x_wconf 86' lang='grc' dir='ltr'>δείσαντες,</span> <span class='ocrx_word' id='word_1_75' title='bbox 547 984 659 1062; x_wconf 81' lang='grc' dir='ltr'>οἴχοντο</span> <span class='ocrx_word' id='word_1_76' title='bbox 692 981 860 1059; x_wconf 77' lang='grc' dir='ltr'>ἀποδράντες</span> <span class='ocrx_word' id='word_1_77' title='bbox 890 989 920 1048; x_wconf 81' lang='grc' dir='ltr'>ἐς</span> 
     </span>
     <span class='ocr_line' id='line_1_13' title="bbox 117 1068 919 1148; baseline 0.002 -19"><span class='ocrx_word' id='word_1_78' title='bbox 117 1068 209 1146; x_wconf 74' lang='grc' dir='ltr'>ἄλλην</span> <span class='ocrx_word' id='word_1_79' title='bbox 230 1069 333 1148; x_wconf 80' lang='grc' dir='ltr'>χώρην·</span> <span class='ocrx_word' id='word_1_80' title='bbox 359 1068 461 1148; x_wconf 90' lang='grc' dir='ltr'>χρόνου</span> <span class='ocrx_word' id='word_1_81' title='bbox 485 1070 515 1128; x_wconf 79' lang='grc' dir='ltr'>δέ</span> <span class='ocrx_word' id='word_1_82' title='bbox 536 1070 682 1145; x_wconf 86' lang='grc' dir='ltr'>προϊόντος</span> <span class='ocrx_word' id='word_1_83' title='bbox 706 1069 919 1131; x_wconf 87' lang='grc' dir='ltr'>όπίσωκατελ-</span> 
     </span>
     <span class='ocr_line' id='line_1_14' title="bbox 116 1154 919 1235; baseline 0.001 -18"><span class='ocrx_word' id='word_1_84' title='bbox 116 1157 218 1232; x_wconf 85' lang='grc' dir='ltr'>θόντες,</span> <span class='ocrx_word' id='word_1_85' title='bbox 232 1156 267 1234; x_wconf 84' lang='grc' dir='ltr'>ἦν</span> <span class='ocrx_word' id='word_1_86' title='bbox 285 1156 456 1216; x_wconf 73' lang='grc' dir='ltr'>ἁλίσκωνται</span> <span class='ocrx_word' id='word_1_87' title='bbox 474 1156 639 1221; x_wconf 76' lang='grc' dir='ltr'>ἐσελθόντες</span> <span class='ocrx_word' id='word_1_88' title='bbox 653 1163 680 1221; x_wconf 83' lang='grc' dir='ltr'>ές</span> <span class='ocrx_word' id='word_1_89' title='bbox 692 1157 726 1217; x_wconf 86' lang='grc' dir='ltr'>τό</span> <span class='ocrx_word' id='word_1_90' title='bbox 740 1154 919 1235; x_wconf 83' lang='grc' dir='ltr'>πρυτανήῖον,</span> 
     </span>
     <span class='ocr_line' id='line_1_15' title="bbox 115 1245 921 1326; baseline 0.002 -21"><span class='ocrx_word' id='word_1_91' title='bbox 115 1245 152 1310; x_wconf 72' lang='grc' dir='ltr'>οἷς</span> <span class='ocrx_word' id='word_1_92' title='bbox 172 1245 269 1307; x_wconf 77' lang='grc' dir='ltr'>θύεταί</span> <span class='ocrx_word' id='word_1_93' title='bbox 286 1271 325 1316; x_wconf 90' lang='grc' dir='ltr'>τε,</span> <span class='ocrx_word' id='word_1_94' title='bbox 347 1245 502 1326; x_wconf 78' lang='grc' dir='ltr'>ἐξηγέοντο,</span> <span class='ocrx_word' id='word_1_95' title='bbox 524 1247 669 1322; x_wconf 86' lang='grc' dir='ltr'>στέμμασι</span> <span class='ocrx_word' id='word_1_96' title='bbox 689 1251 745 1308; x_wconf 85' lang='grc' dir='ltr'>πᾶς</span> <span class='ocrx_word' id='word_1_97' title='bbox 765 1248 921 1312; x_wconf 86' lang='grc' dir='ltr'>πυκασθεὶς</span> 
     </span>
     <span class='ocr_line' id='line_1_16' title="bbox 73 1331 942 1413; baseline 0.001 -19"><span class='ocrx_word' id='word_1_98' title='bbox 73 1383 74 1386; x_wconf 20' lang='lat'>¹</span> <span class='ocrx_word' id='word_1_99' title='bbox 117 1335 164 1394; x_wconf 82' lang='grc' dir='ltr'>καὶ</span> <span class='ocrx_word' id='word_1_100' title='bbox 183 1334 218 1398; x_wconf 78' lang='grc' dir='ltr'>ὦς</span> <span class='ocrx_word' id='word_1_101' title='bbox 235 1335 289 1395; x_wconf 82' lang='grc' dir='ltr'>σύν</span> <span class='ocrx_word' id='word_1_102' title='bbox 306 1338 407 1412; x_wconf 73' lang='grc' dir='ltr'>πομπῇ</span> <span class='ocrx_word' id='word_1_103' title='bbox 425 1333 561 1413; x_wconf 70' lang='grc' dir='ltr'>ε’ἔαχθείς·</span> <span class='ocrx_word' id='word_1_104' title='bbox 582 1338 669 1394; x_wconf 67' lang='grc' dir='ltr'>ταῦτα</span> <span class='ocrx_word' id='word_1_105' title='bbox 683 1334 713 1393; x_wconf 85' lang='grc' dir='ltr'>δὲ</span> <span class='ocrx_word' id='word_1_106' title='bbox 729 1331 875 1412; x_wconf 89' lang='grc' dir='ltr'>πάσχουσι</span> <span class='ocrx_word' id='word_1_107' title='bbox 892 1340 921 1396; x_wconf 83' lang='grc' dir='ltr'>οἱ</span> <span class='ocrx_word' id='word_1_108' title='bbox 939 1370 942 1373; x_wconf 91' lang='grc'>·</span> 
     </span>
     <span class='ocr_line' id='line_1_17' title="bbox 116 1421 919 1502; baseline 0.001 -20"><span class='ocrx_word' id='word_1_109' title='bbox 116 1422 304 1501; x_wconf 79' lang='grc' dir='ltr'>Κυτισσώρου</span> <span class='ocrx_word' id='word_1_110' title='bbox 330 1426 381 1482; x_wconf 81' lang='grc' dir='ltr'>τοῦ</span> <span class='ocrx_word' id='word_1_111' title='bbox 415 1423 519 1499; x_wconf 84' lang='grc' dir='ltr'>Φρίξου</span> <span class='ocrx_word' id='word_1_112' title='bbox 546 1422 644 1485; x_wconf 82' lang='grc' dir='ltr'>παιδός</span> <span class='ocrx_word' id='word_1_113' title='bbox 677 1421 820 1502; x_wconf 75' lang='grc' dir='ltr'>ἀπόγονοι,</span> <span class='ocrx_word' id='word_1_114' title='bbox 849 1422 919 1483; x_wconf 80' lang='grc' dir='ltr'>διότι</span> 
     </span>
     <span class='ocr_line' id='line_1_18' title="bbox 117 1508 920 1590; baseline 0.002 -22"><span class='ocrx_word' id='word_1_115' title='bbox 117 1511 259 1588; x_wconf 83' lang='grc' dir='ltr'>καθαρμόν</span> <span class='ocrx_word' id='word_1_116' title='bbox 282 1516 332 1587; x_wconf 78' lang='grc' dir='ltr'>τῆς</span> <span class='ocrx_word' id='word_1_117' title='bbox 352 1510 445 1590; x_wconf 72' lang='grc' dir='ltr'>χώρης</span> <span class='ocrx_word' id='word_1_118' title='bbox 468 1511 637 1588; x_wconf 89' lang='grc' dir='ltr'>ποιευμένων</span> <span class='ocrx_word' id='word_1_119' title='bbox 662 1508 784 1588; x_wconf 80' lang='grc' dir='ltr'>Ἀχαιῶν</span> <span class='ocrx_word' id='word_1_120' title='bbox 806 1514 836 1568; x_wconf 85' lang='grc' dir='ltr'>ἔκ</span> <span class='ocrx_word' id='word_1_121' title='bbox 859 1511 920 1570; x_wconf 92' lang='grc' dir='ltr'>θεο-</span> 
     </span>
     <span class='ocr_line' id='line_1_19' title="bbox 116 1597 922 1676; baseline 0.002 -19"><span class='ocrx_word' id='word_1_122' title='bbox 116 1601 237 1676; x_wconf 90' lang='grc' dir='ltr'>προπίου</span> <span class='ocrx_word' id='word_1_123' title='bbox 249 1599 412 1675; x_wconf 83' lang='grc' dir='ltr'>Ἀθάμαντα</span> <span class='ocrx_word' id='word_1_124' title='bbox 432 1597 481 1658; x_wconf 82' lang='grc' dir='ltr'>τόν</span> <span class='ocrx_word' id='word_1_125' title='bbox 495 1600 608 1673; x_wconf 83' lang='grc' dir='ltr'>Αἰόλου,</span> <span class='ocrx_word' id='word_1_126' title='bbox 626 1598 672 1657; x_wconf 85' lang='grc' dir='ltr'>καὶ</span> <span class='ocrx_word' id='word_1_127' title='bbox 692 1597 853 1674; x_wconf 84' lang='grc' dir='ltr'>μελλόντων</span> <span class='ocrx_word' id='word_1_128' title='bbox 870 1624 922 1674; x_wconf 85' lang='grc' dir='ltr'>μιν</span> 
     </span>
     <span class='ocr_line' id='line_1_20' title="bbox 117 1684 922 1763; baseline 0 -15"><span class='ocrx_word' id='word_1_129' title='bbox 117 1687 199 1756; x_wconf 85' lang='grc' dir='ltr'>θύειν,</span> <span class='ocrx_word' id='word_1_130' title='bbox 214 1687 379 1763; x_wconf 80' lang='grc' dir='ltr'>ἀπικόμενος</span> <span class='ocrx_word' id='word_1_131' title='bbox 396 1684 476 1749; x_wconf 76' lang='grc' dir='ltr'>οὗτος</span> <span class='ocrx_word' id='word_1_132' title='bbox 495 1686 510 1746; x_wconf 88' lang='grc' dir='ltr'>ὁ</span> <span class='ocrx_word' id='word_1_133' title='bbox 530 1687 715 1763; x_wconf 88' lang='grc' dir='ltr'>Κυτίσσωρος</span> <span class='ocrx_word' id='word_1_134' title='bbox 735 1686 766 1754; x_wconf 80' lang='grc' dir='ltr'>ἐξ</span> <span class='ocrx_word' id='word_1_135' title='bbox 781 1685 851 1762; x_wconf 86' lang='grc' dir='ltr'>Αίης</span> <span class='ocrx_word' id='word_1_136' title='bbox 869 1691 922 1762; x_wconf 79' lang='grc' dir='ltr'>πῆς</span> 
     </span>
     <span class='ocr_line' id='line_1_21' title="bbox 118 1771 922 1852; baseline 0.001 -20"><span class='ocrx_word' id='word_1_137' title='bbox 118 1775 261 1852; x_wconf 85' lang='grc' dir='ltr'>Κολχίδος</span> <span class='ocrx_word' id='word_1_138' title='bbox 282 1771 428 1850; x_wconf 77' lang='grc' dir='ltr'>ἐρρύσατο·</span> <span class='ocrx_word' id='word_1_139' title='bbox 460 1774 582 1849; x_wconf 85' lang='grc' dir='ltr'>ποιήσας</span> <span class='ocrx_word' id='word_1_140' title='bbox 603 1774 633 1832; x_wconf 75' lang='grc' dir='ltr'>δὲ</span> <span class='ocrx_word' id='word_1_141' title='bbox 652 1778 741 1847; x_wconf 86' lang='grc' dir='ltr'>τοῦτο,</span> <span class='ocrx_word' id='word_1_142' title='bbox 765 1777 840 1833; x_wconf 84' lang='grc' dir='ltr'>τοῖσι</span> <span class='ocrx_word' id='word_1_143' title='bbox 862 1779 922 1833; x_wconf 87' lang='grc' dir='ltr'>ε’πι-</span> 
     </span>
     <span class='ocr_line' id='line_1_22' title="bbox 118 1861 921 1940; baseline 0.005 -21"><span class='ocrx_word' id='word_1_144' title='bbox 118 1862 295 1940; x_wconf 89' lang='grc' dir='ltr'>γενομένοισι</span> <span class='ocrx_word' id='word_1_145' title='bbox 322 1861 353 1929; x_wconf 77' lang='grc' dir='ltr'>ἐξ</span> <span class='ocrx_word' id='word_1_146' title='bbox 379 1865 479 1921; x_wconf 78' lang='grc' dir='ltr'>ἑωυτοῦ</span> <span class='ocrx_word' id='word_1_147' title='bbox 506 1867 590 1938; x_wconf 85' lang='grc' dir='ltr'>μῆνιν</span> <span class='ocrx_word' id='word_1_148' title='bbox 620 1866 670 1921; x_wconf 81' lang='grc' dir='ltr'>τοῦ</span> <span class='ocrx_word' id='word_1_149' title='bbox 699 1863 763 1922; x_wconf 85' lang='grc' dir='ltr'>θεοῦ</span> <span class='ocrx_word' id='word_1_150' title='bbox 790 1862 921 1936; x_wconf 81' lang='grc' dir='ltr'>ἐνέβαλε.</span> 
     </span>
     <span class='ocr_line' id='line_1_23' title="bbox 117 1948 924 2026; baseline 0.004 -19"><span class='ocrx_word' id='word_1_151' title='bbox 117 1949 224 2026; x_wconf 77' lang='grc' dir='ltr'>Ξέρξης</span> <span class='ocrx_word' id='word_1_152' title='bbox 256 1949 286 2008; x_wconf 80' lang='grc' dir='ltr'>δὲ</span> <span class='ocrx_word' id='word_1_153' title='bbox 315 1954 404 2010; x_wconf 84' lang='grc' dir='ltr'>ταῦτα</span> <span class='ocrx_word' id='word_1_154' title='bbox 435 1949 566 2019; x_wconf 80' lang='grc' dir='ltr'>οἰκούσας,</span> <span class='ocrx_word' id='word_1_155' title='bbox 600 1950 634 2012; x_wconf 79' lang='grc' dir='ltr'>ὥς</span> <span class='ocrx_word' id='word_1_156' title='bbox 666 1949 735 2008; x_wconf 78' lang='grc' dir='ltr'>κατά</span> <span class='ocrx_word' id='word_1_157' title='bbox 764 1948 797 2008; x_wconf 81' lang='grc' dir='ltr'>τό</span> <span class='ocrx_word' id='word_1_158' title='bbox 830 1949 924 2015; x_wconf 82' lang='grc' dir='ltr'>ἅλσος</span> 
     </span>
     <span class='ocr_line' id='line_1_24' title="bbox 118 2037 924 2119; baseline -0.002 -21"><span class='ocrx_word' id='word_1_159' title='bbox 118 2038 234 2118; x_wconf 72' lang='grc' dir='ltr'>ἐγένετο,</span> <span class='ocrx_word' id='word_1_160' title='bbox 251 2037 333 2101; x_wconf 80' lang='grc' dir='ltr'>αύτός</span> <span class='ocrx_word' id='word_1_161' title='bbox 346 2064 376 2097; x_wconf 88' lang='grc' dir='ltr'>τε</span> <span class='ocrx_word' id='word_1_162' title='bbox 390 2040 485 2119; x_wconf 82' lang='grc' dir='ltr'>ἔργετο</span> <span class='ocrx_word' id='word_1_163' title='bbox 499 2037 584 2097; x_wconf 85' lang='grc' dir='ltr'>αύτοῦ</span> <span class='ocrx_word' id='word_1_164' title='bbox 598 2039 643 2095; x_wconf 84' lang='grc' dir='ltr'>καὶ</span> <span class='ocrx_word' id='word_1_165' title='bbox 656 2041 692 2113; x_wconf 75' lang='grc' dir='ltr'>τῇ</span> <span class='ocrx_word' id='word_1_166' title='bbox 705 2041 825 2113; x_wconf 81' lang='grc' dir='ltr'>στρατιῇ</span> <span class='ocrx_word' id='word_1_167' title='bbox 839 2037 924 2118; x_wconf 83' lang='grc' dir='ltr'>πάσῃ</span> 
     </span>
     <span class='ocr_line' id='line_1_25' title="bbox 118 2122 923 2207; baseline -0.002 -23"><span class='ocrx_word' id='word_1_168' title='bbox 118 2126 299 2207; x_wconf 82' lang='grc' dir='ltr'>παρήγγειλε·</span> <span class='ocrx_word' id='word_1_169' title='bbox 315 2131 370 2185; x_wconf 75' lang='grc' dir='ltr'>τῶν</span> <span class='ocrx_word' id='word_1_170' title='bbox 379 2151 410 2184; x_wconf 88' lang='grc' dir='ltr'>τε</span> <span class='ocrx_word' id='word_1_171' title='bbox 419 2125 594 2201; x_wconf 75' lang='grc' dir='ltr'>Ἀθάμαντος</span> <span class='ocrx_word' id='word_1_172' title='bbox 605 2123 749 2202; x_wconf 75' lang='grc' dir='ltr'>ἀπογόνων</span> <span class='ocrx_word' id='word_1_173' title='bbox 763 2122 814 2194; x_wconf 74' lang='grc' dir='ltr'>τὴν</span> <span class='ocrx_word' id='word_1_174' title='bbox 828 2126 923 2201; x_wconf 81' lang='grc' dir='ltr'>οἰκίην</span> 
     </span>
     <span class='ocr_line' id='line_1_26' title="bbox 27 2211 591 2289; baseline -0.005 -18"><span class='ocrx_word' id='word_1_175' title='bbox 27 2213 53 2271; x_wconf 60' lang='lat' dir='ltr'>Q(</span> <span class='ocrx_word' id='word_1_176' title='bbox 119 2211 219 2289; x_wconf 81' lang='grc' dir='ltr'>ὁμοίως</span> <span class='ocrx_word' id='word_1_177' title='bbox 233 2215 278 2270; x_wconf 87' lang='grc' dir='ltr'>καὶ</span> <span class='ocrx_word' id='word_1_178' title='bbox 290 2213 323 2272; x_wconf 85' lang='grc' dir='ltr'>τό</span> <span class='ocrx_word' id='word_1_179' title='bbox 337 2215 449 2288; x_wconf 86' lang='grc' dir='ltr'>τέμενος</span> <span class='ocrx_word' id='word_1_180' title='bbox 463 2213 591 2286; x_wconf 81' lang='grc' dir='ltr'>ἐσέβετο.</span> 
     </span>
    </p>

    <p class='ocr_par' dir='ltr' id='par_1_4' title="bbox 73 2296 923 3168">
     <span class='ocr_line' id='line_1_27' title="bbox 73 2296 917 2380; baseline 0 -21"><span class='ocrx_word' id='word_1_181' title='bbox 73 2300 130 2360; x_wconf 77' lang='lat'>198</span> <span class='ocrx_word' id='word_1_182' title='bbox 180 2304 273 2357; x_wconf 77' lang='grc' dir='ltr'>Ταῦτα</span> <span class='ocrx_word' id='word_1_183' title='bbox 294 2301 345 2374; x_wconf 79' lang='grc' dir='ltr'>μὲν</span> <span class='ocrx_word' id='word_1_184' title='bbox 365 2298 401 2356; x_wconf 78' lang='grc' dir='ltr'>τά</span> <span class='ocrx_word' id='word_1_185' title='bbox 417 2304 445 2357; x_wconf 76' lang='grc' dir='ltr'>ἐν</span> <span class='ocrx_word' id='word_1_186' title='bbox 467 2299 615 2374; x_wconf 83' lang='grc' dir='ltr'>Θεσσαλίῃ</span> <span class='ocrx_word' id='word_1_187' title='bbox 634 2298 679 2354; x_wconf 85' lang='grc' dir='ltr'>καὶ</span> <span class='ocrx_word' id='word_1_188' title='bbox 695 2296 729 2355; x_wconf 78' lang='grc' dir='ltr'>τά</span> <span class='ocrx_word' id='word_1_189' title='bbox 746 2301 774 2356; x_wconf 84' lang='grc' dir='ltr'>έν</span> <span class='ocrx_word' id='word_1_190' title='bbox 791 2296 917 2380; x_wconf 80' lang='grc' dir='ltr'>Ἀχαιίῃ·</span> 
     </span>
     <span class='ocr_line' id='line_1_28' title="bbox 119 2383 921 2466; baseline 0.006 -22"><span class='ocrx_word' id='word_1_191' title='bbox 119 2384 176 2445; x_wconf 84' lang='grc' dir='ltr'>άπό</span> <span class='ocrx_word' id='word_1_192' title='bbox 195 2386 224 2444; x_wconf 84' lang='grc' dir='ltr'>δὲ</span> <span class='ocrx_word' id='word_1_193' title='bbox 241 2384 345 2445; x_wconf 90' lang='grc' dir='ltr'>τούτων</span> <span class='ocrx_word' id='word_1_194' title='bbox 362 2389 417 2444; x_wconf 84' lang='grc' dir='ltr'>τῶν</span> <span class='ocrx_word' id='word_1_195' title='bbox 434 2384 531 2462; x_wconf 85' lang='grc' dir='ltr'>χώρων</span> <span class='ocrx_word' id='word_1_196' title='bbox 544 2383 587 2460; x_wconf 84' lang='grc' dir='ltr'>ἦῖε</span> <span class='ocrx_word' id='word_1_197' title='bbox 601 2390 628 2447; x_wconf 81' lang='grc' dir='ltr'>ἐς</span> <span class='ocrx_word' id='word_1_198' title='bbox 640 2384 691 2460; x_wconf 74' lang='grc' dir='ltr'>τὴν</span> <span class='ocrx_word' id='word_1_199' title='bbox 710 2386 827 2461; x_wconf 84' lang='grc' dir='ltr'>Μηλίδα</span> <span class='ocrx_word' id='word_1_200' title='bbox 840 2391 921 2466; x_wconf 74' lang='grc' dir='ltr'>παρά</span> 
     </span>
     <span class='ocr_line' id='line_1_29' title="bbox 120 2471 922 2552; baseline 0.007 -21"><span class='ocrx_word' id='word_1_201' title='bbox 120 2473 226 2532; x_wconf 88' lang='grc' dir='ltr'>κόλπον</span> <span class='ocrx_word' id='word_1_202' title='bbox 245 2472 402 2548; x_wconf 90' lang='grc' dir='ltr'>θαλάσσης,</span> <span class='ocrx_word' id='word_1_203' title='bbox 422 2477 451 2532; x_wconf 81' lang='grc' dir='ltr'>ἐν</span> <span class='ocrx_word' id='word_1_204' title='bbox 468 2476 506 2551; x_wconf 78' lang='grc' dir='ltr'>τῷ</span> <span class='ocrx_word' id='word_1_205' title='bbox 523 2471 647 2548; x_wconf 80' lang='grc' dir='ltr'>ἄμπωτίς</span> <span class='ocrx_word' id='word_1_206' title='bbox 660 2498 690 2532; x_wconf 91' lang='grc' dir='ltr'>τε</span> <span class='ocrx_word' id='word_1_207' title='bbox 704 2475 750 2533; x_wconf 88' lang='grc' dir='ltr'>καὶ</span> <span class='ocrx_word' id='word_1_208' title='bbox 763 2475 847 2552; x_wconf 80' lang='grc' dir='ltr'>ῥηχίη</span> <span class='ocrx_word' id='word_1_209' title='bbox 866 2475 922 2537; x_wconf 70' lang='lat' dir='ltr'>dud</span> 
     </span>
     <span class='ocr_line' id='line_1_30' title="bbox 120 2560 923 2641; baseline 0.005 -23"><span class='ocrx_word' id='word_1_210' title='bbox 120 2565 216 2620; x_wconf 79' lang='grc' dir='ltr'>πᾶσαν</span> <span class='ocrx_word' id='word_1_211' title='bbox 235 2560 341 2638; x_wconf 76' lang='grc' dir='ltr'>ἡμέρην</span> <span class='ocrx_word' id='word_1_212' title='bbox 356 2561 472 2641; x_wconf 82' lang='grc' dir='ltr'>γίνεται·</span> <span class='ocrx_word' id='word_1_213' title='bbox 498 2561 562 2638; x_wconf 87' lang='grc' dir='ltr'>περὶ</span> <span class='ocrx_word' id='word_1_214' title='bbox 580 2561 609 2620; x_wconf 82' lang='grc' dir='ltr'>δὲ</span> <span class='ocrx_word' id='word_1_215' title='bbox 627 2561 677 2622; x_wconf 84' lang='grc' dir='ltr'>τόν</span> <span class='ocrx_word' id='word_1_216' title='bbox 695 2561 923 2623; x_wconf 81' lang='grc' dir='ltr'>κόλποντοῦτόν</span> 
     </span>
     <span class='ocr_line' id='line_1_31' title="bbox 120 2648 918 2730; baseline 0.004 -24"><span class='ocrx_word' id='word_1_217' title='bbox 120 2652 182 2707; x_wconf 89' lang='grc' dir='ltr'>ε’στι</span> <span class='ocrx_word' id='word_1_218' title='bbox 199 2653 289 2726; x_wconf 68' lang='grc' dir='ltr'>χοῖρος</span> <span class='ocrx_word' id='word_1_219' title='bbox 307 2648 423 2719; x_wconf 82' lang='grc' dir='ltr'>πεδινός,</span> <span class='ocrx_word' id='word_1_220' title='bbox 442 2653 478 2728; x_wconf 84' lang='grc' dir='ltr'>τῇ</span> <span class='ocrx_word' id='word_1_221' title='bbox 495 2653 546 2727; x_wconf 81' lang='grc' dir='ltr'>μὲν</span> <span class='ocrx_word' id='word_1_222' title='bbox 565 2649 651 2727; x_wconf 82' lang='grc' dir='ltr'>εύρύς,</span> <span class='ocrx_word' id='word_1_223' title='bbox 665 2656 702 2730; x_wconf 81' lang='grc' dir='ltr'>τῇ</span> <span class='ocrx_word' id='word_1_224' title='bbox 718 2651 747 2711; x_wconf 81' lang='grc' dir='ltr'>δὲ</span> <span class='ocrx_word' id='word_1_225' title='bbox 766 2650 812 2709; x_wconf 81' lang='grc' dir='ltr'>καὶ</span> <span class='ocrx_word' id='word_1_226' title='bbox 830 2651 918 2725; x_wconf 90' lang='grc' dir='ltr'>κάρτα</span> 
     </span>
     <span class='ocr_line' id='line_1_32' title="bbox 120 2735 918 2818; baseline 0.001 -23"><span class='ocrx_word' id='word_1_227' title='bbox 120 2736 237 2799; x_wconf 89' lang='grc' dir='ltr'>στεινός·</span> <span class='ocrx_word' id='word_1_228' title='bbox 259 2737 322 2813; x_wconf 87' lang='grc' dir='ltr'>περὶ</span> <span class='ocrx_word' id='word_1_229' title='bbox 340 2737 368 2795; x_wconf 79' lang='grc' dir='ltr'>δὲ</span> <span class='ocrx_word' id='word_1_230' title='bbox 384 2737 433 2797; x_wconf 84' lang='grc' dir='ltr'>τόν</span> <span class='ocrx_word' id='word_1_231' title='bbox 451 2743 542 2816; x_wconf 77' lang='grc' dir='ltr'>χῶρον</span> <span class='ocrx_word' id='word_1_232' title='bbox 556 2737 638 2814; x_wconf 86' lang='grc' dir='ltr'>ούρεα</span> <span class='ocrx_word' id='word_1_233' title='bbox 651 2739 748 2818; x_wconf 77' lang='grc' dir='ltr'>ύψηλά</span> <span class='ocrx_word' id='word_1_234' title='bbox 762 2739 808 2796; x_wconf 85' lang='grc' dir='ltr'>καὶ</span> <span class='ocrx_word' id='word_1_235' title='bbox 822 2735 918 2812; x_wconf 77' lang='grc' dir='ltr'>ἄβατα</span> 
     </span>
     <span class='ocr_line' id='line_1_33' title="bbox 122 2825 922 2907; baseline 0.001 -24"><span class='ocrx_word' id='word_1_236' title='bbox 122 2825 275 2901; x_wconf 81' lang='grc' dir='ltr'>περικληίει</span> <span class='ocrx_word' id='word_1_237' title='bbox 289 2828 385 2883; x_wconf 80' lang='grc' dir='ltr'>πᾶσαν</span> <span class='ocrx_word' id='word_1_238' title='bbox 398 2825 449 2900; x_wconf 79' lang='grc' dir='ltr'>τήν</span> <span class='ocrx_word' id='word_1_239' title='bbox 461 2826 576 2901; x_wconf 88' lang='grc' dir='ltr'>Μηλίδα</span> <span class='ocrx_word' id='word_1_240' title='bbox 589 2830 650 2907; x_wconf 75' lang='grc' dir='ltr'>γῆν,</span> <span class='ocrx_word' id='word_1_241' title='bbox 663 2829 807 2906; x_wconf 82' lang='grc' dir='ltr'>Τρηχίνιαι</span> <span class='ocrx_word' id='word_1_242' title='bbox 822 2825 922 2900; x_wconf 87' lang='grc' dir='ltr'>πέτραι</span> 
     </span>
     <span class='ocr_line' id='line_1_34' title="bbox 122 2911 922 2992; baseline -0.001 -21"><span class='ocrx_word' id='word_1_243' title='bbox 122 2911 296 2991; x_wconf 89' lang='grc' dir='ltr'>καλεόμεναι.</span> <span class='ocrx_word' id='word_1_244' title='bbox 329 2912 424 2988; x_wconf 79' lang='grc' dir='ltr'>πράτη</span> <span class='ocrx_word' id='word_1_245' title='bbox 436 2916 488 2989; x_wconf 87' lang='grc' dir='ltr'>μέν</span> <span class='ocrx_word' id='word_1_246' title='bbox 498 2939 545 2973; x_wconf 87' lang='grc' dir='ltr'>νυν</span> <span class='ocrx_word' id='word_1_247' title='bbox 559 2914 642 2977; x_wconf 89' lang='grc' dir='ltr'>πόλις</span> <span class='ocrx_word' id='word_1_248' title='bbox 656 2915 717 2975; x_wconf 82' lang='grc' dir='ltr'>ε’στὶ</span> <span class='ocrx_word' id='word_1_249' title='bbox 732 2920 761 2974; x_wconf 79' lang='grc' dir='ltr'>ε’ν</span> <span class='ocrx_word' id='word_1_250' title='bbox 773 2918 811 2991; x_wconf 77' lang='grc' dir='ltr'>τῷ</span> <span class='ocrx_word' id='word_1_251' title='bbox 825 2912 922 2992; x_wconf 71' lang='grc' dir='ltr'>κόλπῳ</span> 
     </span>
     <span class='ocr_line' id='line_1_35' title="bbox 123 2999 923 3080; baseline 0.005 -20"><span class='ocrx_word' id='word_1_252' title='bbox 123 3001 191 3061; x_wconf 87' lang='grc' dir='ltr'>ἰόντι</span> <span class='ocrx_word' id='word_1_253' title='bbox 217 2999 272 3061; x_wconf 79' lang='grc' dir='ltr'>άπὸ</span> <span class='ocrx_word' id='word_1_254' title='bbox 298 3000 431 3080; x_wconf 86' lang='grc' dir='ltr'>Ἀχαιίης,</span> <span class='ocrx_word' id='word_1_255' title='bbox 460 3001 615 3079; x_wconf 87' lang='grc' dir='ltr'>Ἀντικύρη·</span> <span class='ocrx_word' id='word_1_256' title='bbox 647 3003 712 3080; x_wconf 89' lang='grc' dir='ltr'>παρ’</span> <span class='ocrx_word' id='word_1_257' title='bbox 736 3003 770 3078; x_wconf 80' lang='grc' dir='ltr'>ἢν</span> <span class='ocrx_word' id='word_1_258' title='bbox 795 3000 923 3075; x_wconf 83' lang='grc' dir='ltr'>ποταμός</span> 
     </span>
     <span class='ocr_line' id='line_1_36' title="bbox 115 3082 922 3168; baseline -0.001 -20"><span class='ocrx_word' id='word_1_259' title='bbox 115 3089 278 3168; x_wconf 75' lang='grc' dir='ltr'>Σπφχήϊος</span> <span class='ocrx_word' id='word_1_260' title='bbox 294 3091 366 3167; x_wconf 81' lang='grc' dir='ltr'>ῥέων</span> <span class='ocrx_word' id='word_1_261' title='bbox 390 3090 421 3161; x_wconf 74' lang='grc' dir='ltr'>ἐξ</span> <span class='ocrx_word' id='word_1_262' title='bbox 439 3089 570 3168; x_wconf 82' lang='grc' dir='ltr'>Ἐνιήνων</span> <span class='ocrx_word' id='word_1_263' title='bbox 591 3096 619 3153; x_wconf 85' lang='grc' dir='ltr'>ές</span> <span class='ocrx_word' id='word_1_264' title='bbox 640 3091 791 3151; x_wconf 86' lang='grc' dir='ltr'>θάλασσαν</span> <span class='ocrx_word' id='word_1_265' title='bbox 812 3082 922 3147; x_wconf 76' lang='grc' dir='ltr'>ἐκδιδοῖ·</span> 
     </span>
    </p>

    <p class='ocr_par' dir='ltr' id='par_1_5' title="bbox 13 3173 955 3354">
     <span class='ocr_line' id='line_1_37' title="bbox 99 3173 931 3254; baseline 0.004 -23"><span class='ocrx_word' id='word_1_266' title='bbox 99 3173 163 3234; x_wconf 78' lang='grc' dir='ltr'>α’πό</span> <span class='ocrx_word' id='word_1_267' title='bbox 183 3178 218 3237; x_wconf 78' lang='grc' dir='ltr'>δέ</span> <span class='ocrx_word' id='word_1_268' title='bbox 240 3180 354 3254; x_wconf 84' lang='grc' dir='ltr'>τούτου,</span> <span class='ocrx_word' id='word_1_269' title='bbox 378 3180 424 3245; x_wconf 73' lang='grc' dir='ltr'>διά</span> <span class='ocrx_word' id='word_1_270' title='bbox 447 3181 543 3244; x_wconf 78' lang='grc' dir='ltr'>εἴκοσι’</span> <span class='ocrx_word' id='word_1_271' title='bbox 557 3207 606 3242; x_wconf 87' lang='grc' dir='ltr'>κου</span> <span class='ocrx_word' id='word_1_272' title='bbox 629 3177 761 3246; x_wconf 77' lang='grc' dir='ltr'>σταδίων,</span> <span class='ocrx_word' id='word_1_273' title='bbox 777 3174 867 3234; x_wconf 72' lang='grc' dir='ltr'>’άλλως</span> <span class='ocrx_word' id='word_1_274' title='bbox 880 3197 931 3229; x_wconf 70' lang='lat' dir='ltr'>m&gt;-</span> 
     </span>
     <span class='ocr_line' id='line_1_38' title="bbox 13 3258 955 3354; baseline -0.002 -22"><span class='ocrx_word' id='word_1_275' title='bbox 13 3322 15 3327; x_wconf 95' lang='lat'><em>.</em></span> <span class='ocrx_word' id='word_1_276' title='bbox 83 3262 189 3335; x_wconf 56' lang='lat' dir='ltr'>raflo&#39;c,</span> <span class='ocrx_word' id='word_1_277' title='bbox 213 3272 255 3348; x_wconf 77' lang='grc' dir='ltr'>τῷ</span> <span class='ocrx_word' id='word_1_278' title='bbox 274 3271 393 3354; x_wconf 79' lang='grc' dir='ltr'>οὕνομα</span> <span class='ocrx_word' id='word_1_279' title='bbox 411 3279 507 3338; x_wconf 84' lang='grc' dir='ltr'>κεῖται</span> <span class='ocrx_word' id='word_1_280' title='bbox 530 3271 645 3352; x_wconf 82' lang='grc' dir='ltr'>Δύρας,</span> <span class='ocrx_word' id='word_1_281' title='bbox 663 3267 714 3328; x_wconf 82' lang='grc' dir='ltr'>τὸν</span> <span class='ocrx_word' id='word_1_282' title='bbox 737 3259 899 3340; x_wconf 54' lang='grc' dir='ltr'>βοηθέὒνω</span> <span class='ocrx_word' id='word_1_283' title='bbox 911 3258 955 3330; x_wconf 56' lang='lat'>‘¹72</span> 
     </span>
    </p>
   </div>
   <div class='ocr_carea' id='block_1_4' title="bbox 0 0 1024 3450">
    <p class='ocr_par' dir='ltr' id='par_1_6' title="bbox 0 0 1024 3450">
     <span class='ocr_line' id='line_1_39' title="bbox 0 0 1024 3450; baseline 0 0"><span class='ocrx_word' id='word_1_284' title='bbox 0 0 1024 3450; x_wconf 95' lang='lat' dir='ltr'> </span> 
     </span>
    </p>
   </div>
  </div>
 </body>
</html>
