<?xml version="1.0" encoding="UTF-8"?>
<!DOCTYPE html PUBLIC "-//W3C//DTD XHTML 1.0 Transitional//EN"
    "http://www.w3.org/TR/xhtml1/DTD/xhtml1-transitional.dtd">
<html xmlns="http://www.w3.org/1999/xhtml" xml:lang="en" lang="en">
 <head>
  <title>
</title>
<meta http-equiv="Content-Type" content="text/html;charset=utf-8" />
  <meta name='ocr-system' content='tesseract 3.04.00' />
  <meta name='ocr-capabilities' content='ocr_page ocr_carea ocr_par ocr_line ocrx_word'/>
</head>
<body>
  <div class='ocr_page' id='page_1' title='image "./recensuitjoseph01herogoog_0219.png"; bbox 0 0 2024 3450; ppageno 0'>
   <div class='ocr_carea' id='block_1_1' title="bbox 52 98 962 3339">
    <p class='ocr_par' dir='ltr' id='par_1_1' title="bbox 52 98 962 3339">
     <span class='ocr_line' id='line_1_1' title="bbox 139 98 941 162; baseline -0.004 -10"><span class='ocrx_word' id='word_1_1' title='bbox 139 105 188 152; x_wconf 80' lang='lat'>212</span> <span class='ocrx_word' id='word_1_2' title='bbox 439 98 623 148; x_wconf 76' lang='grc' dir='ltr'>Ἦνοαοπου</span> <span class='ocrx_word' id='word_1_3' title='bbox 859 98 941 162; x_wconf 84' lang='lat' dir='ltr'><strong>[vn.</strong></span> 
     </span>
     <span class='ocr_line' id='line_1_2' title="bbox 138 177 943 254; baseline -0.002 -14"><span class='ocrx_word' id='word_1_4' title='bbox 138 181 224 241; x_wconf 77' lang='grc' dir='ltr'>αὐτοῦ</span> <span class='ocrx_word' id='word_1_5' title='bbox 243 177 468 253; x_wconf 74' lang='grc' dir='ltr'>ἀπαλλάξεσθαι,</span> <span class='ocrx_word' id='word_1_6' title='bbox 487 178 565 237; x_wconf 77' lang='grc' dir='ltr'>α’λλθ</span> <span class='ocrx_word' id='word_1_7' title='bbox 587 179 801 254; x_wconf 80' lang='grc' dir='ltr'>καταμείναντες</span> <span class='ocrx_word' id='word_1_8' title='bbox 818 181 943 239; x_wconf 83' lang='grc' dir='ltr'>συναπέ-</span> 
     </span>
     <span class='ocr_line' id='line_1_3' title="bbox 139 264 942 346; baseline 0 -19"><span class='ocrx_word' id='word_1_9' title='bbox 139 269 231 327; x_wconf 83' lang='grc' dir='ltr'>θανον·</span> <span class='ocrx_word' id='word_1_10' title='bbox 253 264 421 346; x_wconf 84' lang='grc' dir='ltr'>ἐστρατήγεε</span> <span class='ocrx_word' id='word_1_11' title='bbox 435 266 465 325; x_wconf 81' lang='grc' dir='ltr'>δὲ</span> <span class='ocrx_word' id='word_1_12' title='bbox 479 265 568 326; x_wconf 72' lang='grc' dir='ltr'>αὐτῶν</span> <span class='ocrx_word' id='word_1_13' title='bbox 583 264 751 341; x_wconf 78' lang='grc' dir='ltr'>Δημόφιλος</span> <span class='ocrx_word' id='word_1_14' title='bbox 766 265 942 343; x_wconf 83' lang='grc' dir='ltr'>Διαδρόμεω.</span> 
     </span>
     <span class='ocr_line' id='line_1_4' title="bbox 90 352 944 432; baseline 0.004 -20"><span class='ocrx_word' id='word_1_15' title='bbox 90 356 150 414; x_wconf 78' lang='grc'>223</span> <span class='ocrx_word' id='word_1_16' title='bbox 199 356 304 432; x_wconf 77' lang='grc' dir='ltr'>Ξέρξης</span> <span class='ocrx_word' id='word_1_17' title='bbox 331 354 360 413; x_wconf 85' lang='grc' dir='ltr'>δέ</span> <span class='ocrx_word' id='word_1_18' title='bbox 388 354 448 414; x_wconf 84' lang='grc' dir='ltr'>ἐπεὶ</span> <span class='ocrx_word' id='word_1_19' title='bbox 473 354 556 430; x_wconf 78' lang='grc' dir='ltr'>ἡλίου</span> <span class='ocrx_word' id='word_1_20' title='bbox 587 352 783 417; x_wconf 77' lang='grc' dir='ltr'>ἀνατείλαντος</span> <span class='ocrx_word' id='word_1_21' title='bbox 815 355 944 420; x_wconf 72' lang='grc' dir='ltr'>σπονδάς</span> 
     </span>
     <span class='ocr_line' id='line_1_5' title="bbox 139 439 944 522; baseline 0.005 -23"><span class='ocrx_word' id='word_1_22' title='bbox 139 442 301 518; x_wconf 86' lang='grc' dir='ltr'>ἐποιήσατο,</span> <span class='ocrx_word' id='word_1_23' title='bbox 316 442 441 522; x_wconf 78' lang='grc' dir='ltr'>ἐπισχιδν</span> <span class='ocrx_word' id='word_1_24' title='bbox 454 440 562 520; x_wconf 87' lang='grc' dir='ltr'>χρόνον,</span> <span class='ocrx_word' id='word_1_25' title='bbox 578 446 606 504; x_wconf 91' lang='grc' dir='ltr'>ἐς</span> <span class='ocrx_word' id='word_1_26' title='bbox 622 439 726 522; x_wconf 75' lang='grc' dir='ltr'>ἀγορῆς</span> <span class='ocrx_word' id='word_1_27' title='bbox 744 467 794 500; x_wconf 93' lang='grc' dir='ltr'>κου</span> <span class='ocrx_word' id='word_1_28' title='bbox 811 441 944 517; x_wconf 85' lang='grc' dir='ltr'>μάλιστα</span> 
     </span>
     <span class='ocr_line' id='line_1_6' title="bbox 138 529 946 609; baseline 0.001 -20"><span class='ocrx_word' id='word_1_29' title='bbox 138 531 290 609; x_wconf 79' lang='grc' dir='ltr'>πληθώρην</span> <span class='ocrx_word' id='word_1_30' title='bbox 304 531 445 609; x_wconf 91' lang='grc' dir='ltr'>πρόσοδον</span> <span class='ocrx_word' id='word_1_31' title='bbox 460 531 591 590; x_wconf 88' lang='grc' dir='ltr'>ἐποιέετο·</span> <span class='ocrx_word' id='word_1_32' title='bbox 610 530 656 588; x_wconf 89' lang='grc' dir='ltr'>καὶ</span> <span class='ocrx_word' id='word_1_33' title='bbox 668 529 723 608; x_wconf 81' lang='grc' dir='ltr'>γοὶρ</span> <span class='ocrx_word' id='word_1_34' title='bbox 738 531 898 590; x_wconf 79' lang='grc' dir='ltr'>ἐπέσταλτο</span> <span class='ocrx_word' id='word_1_35' title='bbox 913 532 946 601; x_wconf 76' lang='grc' dir='ltr'>ἐξ</span> 
     </span>
     <span class='ocr_line' id='line_1_7' title="bbox 138 615 944 698; baseline 0.001 -21"><span class='ocrx_word' id='word_1_36' title='bbox 138 617 294 679; x_wconf 86' lang='grc' dir='ltr'>Ἐπιάλτεω</span> <span class='ocrx_word' id='word_1_37' title='bbox 313 618 393 680; x_wconf 77' lang='grc' dir='ltr'>οὕτω·</span> <span class='ocrx_word' id='word_1_38' title='bbox 415 617 471 678; x_wconf 80' lang='grc' dir='ltr'>ἀπό</span> <span class='ocrx_word' id='word_1_39' title='bbox 492 617 547 698; x_wconf 73' lang='grc' dir='ltr'>γάρ</span> <span class='ocrx_word' id='word_1_40' title='bbox 562 621 613 677; x_wconf 81' lang='grc' dir='ltr'>τοῦ</span> <span class='ocrx_word' id='word_1_41' title='bbox 630 615 724 695; x_wconf 81' lang='grc' dir='ltr'>οὔρεος</span> <span class='ocrx_word' id='word_1_42' title='bbox 744 616 763 691; x_wconf 75' lang='grc' dir='ltr'><em>ἦ</em></span> <span class='ocrx_word' id='word_1_43' title='bbox 782 617 944 693; x_wconf 86' lang='grc' dir='ltr'>κατάβασις</span> 
     </span>
     <span class='ocr_line' id='line_1_8' title="bbox 63 704 943 784; baseline 0 -19"><span class='ocrx_word' id='word_1_44' title='bbox 63 767 67 774; x_wconf 71' lang='grc'>,</span> <span class='ocrx_word' id='word_1_45' title='bbox 139 709 334 784; x_wconf 83' lang='grc' dir='ltr'>συντομωτέρη</span> <span class='ocrx_word' id='word_1_46' title='bbox 355 707 387 767; x_wconf 91' lang='grc' dir='ltr'>τέ</span> <span class='ocrx_word' id='word_1_47' title='bbox 401 711 471 776; x_wconf 91' lang='grc' dir='ltr'>ἐστι,</span> <span class='ocrx_word' id='word_1_48' title='bbox 486 706 532 764; x_wconf 91' lang='grc' dir='ltr'>καὶ</span> <span class='ocrx_word' id='word_1_49' title='bbox 545 705 720 784; x_wconf 81' lang='grc' dir='ltr'>βραχύτερος</span> <span class='ocrx_word' id='word_1_50' title='bbox 733 704 749 764; x_wconf 81' lang='grc' dir='ltr'>ὁ</span> <span class='ocrx_word' id='word_1_51' title='bbox 762 708 854 783; x_wconf 81' lang='grc' dir='ltr'>χῶρος</span> <span class='ocrx_word' id='word_1_52' title='bbox 870 710 943 765; x_wconf 91' lang='grc' dir='ltr'>πολ-</span> 
     </span>
     <span class='ocr_line' id='line_1_9' title="bbox 139 792 942 872; baseline -0.001 -19"><span class='ocrx_word' id='word_1_53' title='bbox 139 794 200 865; x_wconf 82' lang='grc' dir='ltr'>λόν,</span> <span class='ocrx_word' id='word_1_54' title='bbox 220 794 291 872; x_wconf 85' lang='grc' dir='ltr'>ἤπερ</span> <span class='ocrx_word' id='word_1_55' title='bbox 312 795 331 870; x_wconf 68' lang='grc' dir='ltr'>η’</span> <span class='ocrx_word' id='word_1_56' title='bbox 353 794 480 872; x_wconf 89' lang='grc' dir='ltr'>περίοδός</span> <span class='ocrx_word' id='word_1_57' title='bbox 500 820 530 853; x_wconf 90' lang='grc' dir='ltr'>τε</span> <span class='ocrx_word' id='word_1_58' title='bbox 551 794 597 851; x_wconf 82' lang='grc' dir='ltr'>καὶ</span> <span class='ocrx_word' id='word_1_59' title='bbox 618 792 765 869; x_wconf 79' lang='grc' dir='ltr'>ἀνάβασις.</span> <span class='ocrx_word' id='word_1_60' title='bbox 809 793 839 851; x_wconf 84' lang='grc' dir='ltr'>οἷ</span> <span class='ocrx_word' id='word_1_61' title='bbox 857 818 888 852; x_wconf 92' lang='grc' dir='ltr'>τε</span> <span class='ocrx_word' id='word_1_62' title='bbox 907 794 942 867; x_wconf 71' lang='grc' dir='ltr'>δή</span> 
     </span>
     <span class='ocr_line' id='line_1_10' title="bbox 139 879 943 959; baseline 0 -19"><span class='ocrx_word' id='word_1_63' title='bbox 139 881 285 959; x_wconf 86' lang='grc' dir='ltr'>βάρβαροι</span> <span class='ocrx_word' id='word_1_64' title='bbox 306 885 332 941; x_wconf 82' lang='grc' dir='ltr'>οἶ</span> <span class='ocrx_word' id='word_1_65' title='bbox 351 881 427 958; x_wconf 79' lang='grc' dir='ltr'>ἀμφὶ</span> <span class='ocrx_word' id='word_1_66' title='bbox 445 881 550 957; x_wconf 81' lang='grc' dir='ltr'>Ξέρξεα</span> <span class='ocrx_word' id='word_1_67' title='bbox 568 879 737 956; x_wconf 80' lang='grc' dir='ltr'>προσήῖσαν,</span> <span class='ocrx_word' id='word_1_68' title='bbox 758 879 803 938; x_wconf 85' lang='grc' dir='ltr'>καὶ</span> <span class='ocrx_word' id='word_1_69' title='bbox 821 883 849 939; x_wconf 79' lang='grc' dir='ltr'>οἱ</span> <span class='ocrx_word' id='word_1_70' title='bbox 865 888 943 958; x_wconf 85' lang='grc' dir='ltr'>αμφὶ</span> 
     </span>
     <span class='ocr_line' id='line_1_11' title="bbox 139 966 944 1046; baseline 0.005 -21"><span class='ocrx_word' id='word_1_71' title='bbox 139 970 278 1044; x_wconf 78' lang='grc' dir='ltr'>Λεωνίδην</span> <span class='ocrx_word' id='word_1_72' title='bbox 304 968 451 1044; x_wconf 86' lang='grc' dir='ltr'>Ἕλληνες,</span> <span class='ocrx_word' id='word_1_73' title='bbox 484 967 519 1030; x_wconf 68' lang='grc' dir='ltr'>οἷς</span> <span class='ocrx_word' id='word_1_74' title='bbox 549 967 600 1041; x_wconf 72' lang='grc' dir='ltr'>τὴν</span> <span class='ocrx_word' id='word_1_75' title='bbox 630 968 676 1026; x_wconf 81' lang='grc' dir='ltr'>ἐπὶ</span> <span class='ocrx_word' id='word_1_76' title='bbox 707 966 815 1046; x_wconf 76' lang='grc' dir='ltr'>θανάτῳ</span> <span class='ocrx_word' id='word_1_77' title='bbox 847 968 944 1036; x_wconf 79' lang='grc' dir='ltr'>ἔξοδον</span> 
     </span>
     <span class='ocr_line' id='line_1_12' title="bbox 140 1053 941 1134; baseline -0.001 -21"><span class='ocrx_word' id='word_1_78' title='bbox 140 1054 304 1132; x_wconf 84' lang='grc' dir='ltr'>ποιεύμενοι,</span> <span class='ocrx_word' id='word_1_79' title='bbox 324 1054 377 1131; x_wconf 81' lang='grc' dir='ltr'>ἤδη</span> <span class='ocrx_word' id='word_1_80' title='bbox 394 1058 493 1134; x_wconf 75' lang='grc' dir='ltr'>πολλῷ</span> <span class='ocrx_word' id='word_1_81' title='bbox 514 1058 628 1130; x_wconf 81' lang='grc' dir='ltr'>μᾶλλον</span> <span class='ocrx_word' id='word_1_82' title='bbox 645 1053 662 1130; x_wconf 79' lang='grc' dir='ltr'><strong><em>ἢ</em></strong></span> <span class='ocrx_word' id='word_1_83' title='bbox 682 1053 740 1114; x_wconf 83' lang='grc' dir='ltr'>κατ’</span> <span class='ocrx_word' id='word_1_84' title='bbox 759 1053 847 1133; x_wconf 75' lang='grc' dir='ltr'>άρχάς</span> <span class='ocrx_word' id='word_1_85' title='bbox 862 1057 941 1125; x_wconf 80' lang='grc' dir='ltr'>ἐπεξ-</span> 
     </span>
     <span class='ocr_line' id='line_1_13' title="bbox 140 1140 942 1223; baseline 0 -22"><span class='ocrx_word' id='word_1_86' title='bbox 140 1142 225 1218; x_wconf 80' lang='grc' dir='ltr'>ήϊσαν</span> <span class='ocrx_word' id='word_1_87' title='bbox 251 1148 279 1207; x_wconf 87' lang='grc' dir='ltr'>ἐς</span> <span class='ocrx_word' id='word_1_88' title='bbox 298 1142 331 1203; x_wconf 83' lang='grc' dir='ltr'>τδ</span> <span class='ocrx_word' id='word_1_89' title='bbox 353 1140 496 1220; x_wconf 71' lang='grc' dir='ltr'>εὐρύτερον</span> <span class='ocrx_word' id='word_1_90' title='bbox 519 1146 569 1201; x_wconf 85' lang='grc' dir='ltr'>τοῦ</span> <span class='ocrx_word' id='word_1_91' title='bbox 593 1140 717 1220; x_wconf 74' lang='grc' dir='ltr'>αὐχένος·</span> <span class='ocrx_word' id='word_1_92' title='bbox 750 1142 783 1202; x_wconf 80' lang='grc' dir='ltr'>τό</span> <span class='ocrx_word' id='word_1_93' title='bbox 807 1144 858 1218; x_wconf 77' lang='grc' dir='ltr'>μὲν</span> <span class='ocrx_word' id='word_1_94' title='bbox 884 1143 942 1223; x_wconf 75' lang='grc' dir='ltr'>γάρ</span> 
     </span>
     <span class='ocr_line' id='line_1_14' title="bbox 140 1228 942 1310; baseline 0.001 -21"><span class='ocrx_word' id='word_1_95' title='bbox 140 1232 227 1308; x_wconf 83' lang='grc' dir='ltr'>ἔρυμα</span> <span class='ocrx_word' id='word_1_96' title='bbox 244 1235 295 1291; x_wconf 70' lang='grc' dir='ltr'>τοῦ</span> <span class='ocrx_word' id='word_1_97' title='bbox 313 1232 419 1310; x_wconf 86' lang='grc' dir='ltr'>τείχεος</span> <span class='ocrx_word' id='word_1_98' title='bbox 440 1228 631 1306; x_wconf 84' lang='grc' dir='ltr'>ἐφυλάσσετο,</span> <span class='ocrx_word' id='word_1_99' title='bbox 651 1233 678 1289; x_wconf 80' lang='grc' dir='ltr'>οἱ</span> <span class='ocrx_word' id='word_1_100' title='bbox 696 1230 726 1288; x_wconf 84' lang='grc' dir='ltr'>δέ</span> <span class='ocrx_word' id='word_1_101' title='bbox 743 1229 795 1289; x_wconf 84' lang='grc' dir='ltr'>α’νοὶ</span> <span class='ocrx_word' id='word_1_102' title='bbox 811 1229 861 1292; x_wconf 82' lang='grc' dir='ltr'>τοὶς</span> <span class='ocrx_word' id='word_1_103' title='bbox 873 1257 942 1308; x_wconf 91' lang='grc' dir='ltr'>προ·</span> 
     </span>
     <span class='ocr_line' id='line_1_15' title="bbox 139 1316 941 1398; baseline 0 -19"><span class='ocrx_word' id='word_1_104' title='bbox 139 1320 221 1397; x_wconf 80' lang='grc' dir='ltr'>τέρας</span> <span class='ocrx_word' id='word_1_105' title='bbox 234 1319 339 1398; x_wconf 83' lang='grc' dir='ltr'>ἡμέρας</span> <span class='ocrx_word' id='word_1_106' title='bbox 351 1317 507 1389; x_wconf 78' lang='grc' dir='ltr'>ύπεξιόντες</span> <span class='ocrx_word' id='word_1_107' title='bbox 521 1323 549 1380; x_wconf 92' lang='grc' dir='ltr'>ἐς</span> <span class='ocrx_word' id='word_1_108' title='bbox 561 1317 598 1377; x_wconf 78' lang='grc' dir='ltr'>τὰ</span> <span class='ocrx_word' id='word_1_109' title='bbox 611 1318 778 1394; x_wconf 84' lang='grc' dir='ltr'>στεινόπορα</span> <span class='ocrx_word' id='word_1_110' title='bbox 793 1316 941 1396; x_wconf 87' lang='grc' dir='ltr'>ἐμάχοντο.</span> 
     </span>
     <span class='ocr_line' id='line_1_16' title="bbox 140 1405 943 1488; baseline 0 -21"><span class='ocrx_word' id='word_1_111' title='bbox 140 1407 204 1467; x_wconf 87' lang='grc' dir='ltr'>τότε</span> <span class='ocrx_word' id='word_1_112' title='bbox 231 1408 265 1484; x_wconf 74' lang='grc' dir='ltr'>δή</span> <span class='ocrx_word' id='word_1_113' title='bbox 293 1407 502 1488; x_wconf 81' lang='grc' dir='ltr'>συμμίσγοντες</span> <span class='ocrx_word' id='word_1_114' title='bbox 523 1407 573 1476; x_wconf 77' lang='grc' dir='ltr'>ἔξω</span> <span class='ocrx_word' id='word_1_115' title='bbox 600 1409 654 1466; x_wconf 78' lang='grc' dir='ltr'>τῶν</span> <span class='ocrx_word' id='word_1_116' title='bbox 681 1409 803 1474; x_wconf 78' lang='grc' dir='ltr'>στεινῶν,</span> <span class='ocrx_word' id='word_1_117' title='bbox 825 1405 943 1467; x_wconf 81' lang='grc' dir='ltr'>ἔπιπτον</span> 
     </span>
     <span class='ocr_line' id='line_1_17' title="bbox 141 1491 942 1572; baseline 0.004 -20"><span class='ocrx_word' id='word_1_118' title='bbox 141 1496 246 1571; x_wconf 83' lang='grc' dir='ltr'>πλήθεϊ</span> <span class='ocrx_word' id='word_1_119' title='bbox 272 1495 377 1556; x_wconf 86' lang='grc' dir='ltr'>πολλοὶ</span> <span class='ocrx_word' id='word_1_120' title='bbox 408 1498 464 1554; x_wconf 74' lang='grc' dir='ltr'>τῶν</span> <span class='ocrx_word' id='word_1_121' title='bbox 497 1492 662 1571; x_wconf 86' lang='grc' dir='ltr'>βαρβάρων·</span> <span class='ocrx_word' id='word_1_122' title='bbox 705 1491 805 1552; x_wconf 85' lang='grc' dir='ltr'>ὄπισθε</span> <span class='ocrx_word' id='word_1_123' title='bbox 831 1491 887 1572; x_wconf 77' lang='grc' dir='ltr'>γάρ</span> <span class='ocrx_word' id='word_1_124' title='bbox 915 1498 942 1555; x_wconf 79' lang='grc' dir='ltr'>οἱ</span> 
     </span>
     <span class='ocr_line' id='line_1_18' title="bbox 141 1579 944 1663; baseline 0 -21"><span class='ocrx_word' id='word_1_125' title='bbox 141 1582 276 1663; x_wconf 72' lang='grc' dir='ltr'>ἡγεμόνες</span> <span class='ocrx_word' id='word_1_126' title='bbox 295 1588 351 1644; x_wconf 78' lang='grc' dir='ltr'>τῶν</span> <span class='ocrx_word' id='word_1_127' title='bbox 369 1583 471 1643; x_wconf 87' lang='grc' dir='ltr'>τελέων</span> <span class='ocrx_word' id='word_1_128' title='bbox 491 1583 600 1660; x_wconf 84' lang='grc' dir='ltr'>ἔχοντες</span> <span class='ocrx_word' id='word_1_129' title='bbox 625 1579 772 1660; x_wconf 80' lang='grc' dir='ltr'>μάστιγας,</span> <span class='ocrx_word' id='word_1_130' title='bbox 795 1579 944 1657; x_wconf 87' lang='grc' dir='ltr'>ἐρράπιζον</span> 
     </span>
     <span class='ocr_line' id='line_1_19' title="bbox 98 1667 941 1748; baseline -0.001 -19"><span class='ocrx_word' id='word_1_131' title='bbox 98 1672 102 1678; x_wconf 66' lang='grc'><strong>’</strong></span> <span class='ocrx_word' id='word_1_132' title='bbox 141 1670 232 1731; x_wconf 87' lang='grc' dir='ltr'>πάντα</span> <span class='ocrx_word' id='word_1_133' title='bbox 250 1669 336 1748; x_wconf 77' lang='grc' dir='ltr'>ἄνδρα</span> <span class='ocrx_word' id='word_1_134' title='bbox 356 1671 410 1729; x_wconf 80' lang='grc' dir='ltr'>αἰεὶ</span> <span class='ocrx_word' id='word_1_135' title='bbox 427 1674 454 1732; x_wconf 88' lang='grc' dir='ltr'>ἐς</span> <span class='ocrx_word' id='word_1_136' title='bbox 470 1669 503 1729; x_wconf 60' lang='lat' dir='ltr'>ro*</span> <span class='ocrx_word' id='word_1_137' title='bbox 517 1669 615 1746; x_wconf 90' lang='grc' dir='ltr'>πρόσω</span> <span class='ocrx_word' id='word_1_138' title='bbox 629 1667 828 1746; x_wconf 85' lang='grc' dir='ltr'>ἐποτρύνοντες.</span> <span class='ocrx_word' id='word_1_139' title='bbox 870 1674 941 1728; x_wconf 90' lang='grc' dir='ltr'>πολ-</span> 
     </span>
     <span class='ocr_line' id='line_1_20' title="bbox 141 1754 943 1834; baseline 0 -18"><span class='ocrx_word' id='word_1_140' title='bbox 141 1759 189 1817; x_wconf 84' lang='grc' dir='ltr'>λοὶ</span> <span class='ocrx_word' id='word_1_141' title='bbox 206 1759 258 1834; x_wconf 74' lang='grc' dir='ltr'>μὲν</span> <span class='ocrx_word' id='word_1_142' title='bbox 275 1758 309 1832; x_wconf 76' lang='grc' dir='ltr'>δή</span> <span class='ocrx_word' id='word_1_143' title='bbox 328 1757 479 1817; x_wconf 87' lang='grc' dir='ltr'>ἐσέπιπτον</span> <span class='ocrx_word' id='word_1_144' title='bbox 497 1755 587 1817; x_wconf 74' lang='grc' dir='ltr'>αὐτῶν</span> <span class='ocrx_word' id='word_1_145' title='bbox 605 1761 633 1819; x_wconf 89' lang='grc' dir='ltr'>ἐς</span> <span class='ocrx_word' id='word_1_146' title='bbox 649 1755 701 1832; x_wconf 72' lang='grc' dir='ltr'>τήν</span> <span class='ocrx_word' id='word_1_147' title='bbox 717 1754 876 1826; x_wconf 86' lang='grc' dir='ltr'>θάλασσαν,</span> <span class='ocrx_word' id='word_1_148' title='bbox 895 1759 943 1816; x_wconf 88' lang='grc' dir='ltr'>καὶ</span> 
     </span>
     <span class='ocr_line' id='line_1_21' title="bbox 142 1843 943 1922; baseline 0.002 -18"><span class='ocrx_word' id='word_1_149' title='bbox 142 1844 342 1921; x_wconf 80' lang='grc' dir='ltr'>διεφθείροντο·</span> <span class='ocrx_word' id='word_1_150' title='bbox 376 1849 476 1922; x_wconf 76' lang='grc' dir='ltr'>πολλῷ</span> <span class='ocrx_word' id='word_1_151' title='bbox 498 1843 521 1903; x_wconf 89' lang='grc' dir='ltr'>δ’</span> <span class='ocrx_word' id='word_1_152' title='bbox 542 1847 581 1904; x_wconf 84' lang='grc' dir='ltr'>ἔτι</span> <span class='ocrx_word' id='word_1_153' title='bbox 603 1848 718 1907; x_wconf 81' lang='grc' dir='ltr'>πλεῦνες</span> <span class='ocrx_word' id='word_1_154' title='bbox 740 1843 943 1906; x_wconf 86' lang='grc' dir='ltr'>κατεπατέοντο</span> 
     </span>
     <span class='ocr_line' id='line_1_22' title="bbox 142 1930 943 2013; baseline 0 -22"><span class='ocrx_word' id='word_1_155' title='bbox 142 1933 206 2004; x_wconf 84' lang='grc' dir='ltr'>ζωοὶ</span> <span class='ocrx_word' id='word_1_156' title='bbox 219 1931 265 1992; x_wconf 71' lang='grc' dir='ltr'>ὕπ’</span> <span class='ocrx_word' id='word_1_157' title='bbox 279 1932 422 2008; x_wconf 87' lang='grc' dir='ltr'>α’λλήλων·</span> <span class='ocrx_word' id='word_1_158' title='bbox 443 1931 478 2007; x_wconf 80' lang='grc' dir='ltr'>ἢν</span> <span class='ocrx_word' id='word_1_159' title='bbox 496 1931 526 1990; x_wconf 85' lang='grc' dir='ltr'>δέ</span> <span class='ocrx_word' id='word_1_160' title='bbox 541 1930 627 2013; x_wconf 86' lang='grc' dir='ltr'>λόγος</span> <span class='ocrx_word' id='word_1_161' title='bbox 645 1931 732 1996; x_wconf 77' lang='grc' dir='ltr'>οὐδεὶς</span> <span class='ocrx_word' id='word_1_162' title='bbox 747 1935 797 1992; x_wconf 84' lang='grc' dir='ltr'>τοῦ</span> <span class='ocrx_word' id='word_1_163' title='bbox 815 1930 943 1993; x_wconf 76' lang='grc' dir='ltr'>ἀπολλυ-</span> 
     </span>
     <span class='ocr_line' id='line_1_23' title="bbox 141 2018 943 2102; baseline 0.001 -21"><span class='ocrx_word' id='word_1_164' title='bbox 141 2022 235 2098; x_wconf 88' lang='grc' dir='ltr'>μένου.</span> <span class='ocrx_word' id='word_1_165' title='bbox 277 2020 326 2082; x_wconf 80' lang='grc' dir='ltr'>θτε</span> <span class='ocrx_word' id='word_1_166' title='bbox 352 2021 407 2102; x_wconf 77' lang='grc' dir='ltr'>γάρ</span> <span class='ocrx_word' id='word_1_167' title='bbox 435 2020 614 2098; x_wconf 86' lang='grc' dir='ltr'>ἐπιστάμενοι</span> <span class='ocrx_word' id='word_1_168' title='bbox 640 2020 689 2081; x_wconf 84' lang='grc' dir='ltr'>τδν</span> <span class='ocrx_word' id='word_1_169' title='bbox 715 2018 858 2098; x_wconf 86' lang='grc' dir='ltr'>μέλλοντά</span> <span class='ocrx_word' id='word_1_170' title='bbox 883 2030 943 2097; x_wconf 88' lang='grc' dir='ltr'>σφι</span> 
     </span>
     <span class='ocr_line' id='line_1_24' title="bbox 141 2106 942 2185; baseline -0.002 -16"><span class='ocrx_word' id='word_1_171' title='bbox 141 2111 259 2171; x_wconf 90' lang='grc' dir='ltr'>ἐσεσθαι</span> <span class='ocrx_word' id='word_1_172' title='bbox 275 2109 394 2170; x_wconf 87' lang='grc' dir='ltr'>θάνατον</span> <span class='ocrx_word' id='word_1_173' title='bbox 414 2113 444 2168; x_wconf 92' lang='grc' dir='ltr'>ἐκ</span> <span class='ocrx_word' id='word_1_174' title='bbox 464 2113 519 2168; x_wconf 83' lang='grc' dir='ltr'>τῶν</span> <span class='ocrx_word' id='word_1_175' title='bbox 538 2108 698 2185; x_wconf 87' lang='grc' dir='ltr'>περιῖόντων</span> <span class='ocrx_word' id='word_1_176' title='bbox 717 2107 750 2168; x_wconf 82' lang='grc' dir='ltr'>τό</span> <span class='ocrx_word' id='word_1_177' title='bbox 770 2106 860 2184; x_wconf 78' lang='grc' dir='ltr'>οὖρος,</span> <span class='ocrx_word' id='word_1_178' title='bbox 874 2106 942 2167; x_wconf 83' lang='grc' dir='ltr'>άπε-</span> 
     </span>
     <span class='ocr_line' id='line_1_25' title="bbox 141 2194 942 2276; baseline -0.002 -20"><span class='ocrx_word' id='word_1_179' title='bbox 141 2198 279 2258; x_wconf 91' lang='grc' dir='ltr'>δείκνυντο</span> <span class='ocrx_word' id='word_1_180' title='bbox 295 2197 389 2275; x_wconf 78' lang='grc' dir='ltr'>ῥώμης</span> <span class='ocrx_word' id='word_1_181' title='bbox 402 2196 472 2257; x_wconf 82' lang='grc' dir='ltr'>ὅσον</span> <span class='ocrx_word' id='word_1_182' title='bbox 492 2196 567 2275; x_wconf 81' lang='grc' dir='ltr'>εἶχον</span> <span class='ocrx_word' id='word_1_183' title='bbox 585 2197 721 2276; x_wconf 88' lang='grc' dir='ltr'>μέγιστον</span> <span class='ocrx_word' id='word_1_184' title='bbox 741 2199 770 2259; x_wconf 89' lang='grc' dir='ltr'>ές</span> <span class='ocrx_word' id='word_1_185' title='bbox 787 2194 852 2258; x_wconf 79' lang='grc' dir='ltr'>τούς</span> <span class='ocrx_word' id='word_1_186' title='bbox 868 2199 942 2275; x_wconf 87' lang='grc' dir='ltr'>βαρ-</span> 
     </span>
     <span class='ocr_line' id='line_1_26' title="bbox 93 2282 943 2362; baseline 0.002 -20"><span class='ocrx_word' id='word_1_187' title='bbox 93 2286 152 2342; x_wconf 78' lang='grc'>224</span> <span class='ocrx_word' id='word_1_188' title='bbox 160 2284 274 2360; x_wconf 82' lang='grc' dir='ltr'>βάρους,</span> <span class='ocrx_word' id='word_1_189' title='bbox 292 2283 522 2362; x_wconf 85' lang='grc' dir='ltr'>παραχρεώμενοί</span> <span class='ocrx_word' id='word_1_190' title='bbox 535 2309 566 2342; x_wconf 90' lang='grc' dir='ltr'>τε</span> <span class='ocrx_word' id='word_1_191' title='bbox 585 2284 631 2340; x_wconf 88' lang='grc' dir='ltr'>καὶ</span> <span class='ocrx_word' id='word_1_192' title='bbox 651 2282 782 2348; x_wconf 80' lang='grc' dir='ltr'>ἀτέοντες.</span> <span class='ocrx_word' id='word_1_193' title='bbox 825 2283 943 2361; x_wconf 90' lang='grc' dir='ltr'>Δόρατα</span> 
     </span>
     <span class='ocr_line' id='line_1_27' title="bbox 140 2369 943 2450; baseline 0.005 -22"><span class='ocrx_word' id='word_1_194' title='bbox 140 2371 192 2447; x_wconf 90' lang='grc' dir='ltr'>μέν</span> <span class='ocrx_word' id='word_1_195' title='bbox 221 2395 269 2429; x_wconf 90' lang='grc' dir='ltr'>νυν</span> <span class='ocrx_word' id='word_1_196' title='bbox 298 2374 376 2430; x_wconf 86' lang='grc' dir='ltr'>τοῖσι</span> <span class='ocrx_word' id='word_1_197' title='bbox 407 2369 556 2429; x_wconf 90' lang='grc' dir='ltr'>πλεόνεσιν</span> <span class='ocrx_word' id='word_1_198' title='bbox 585 2369 675 2430; x_wconf 77' lang='grc' dir='ltr'>αὐτῶν</span> <span class='ocrx_word' id='word_1_199' title='bbox 705 2375 854 2448; x_wconf 82' lang='grc' dir='ltr'>τηνικαῦτα</span> <span class='ocrx_word' id='word_1_200' title='bbox 886 2373 943 2450; x_wconf 80' lang='grc' dir='ltr'>ἤδη</span> 
     </span>
     <span class='ocr_line' id='line_1_28' title="bbox 140 2457 943 2540; baseline 0.007 -24"><span class='ocrx_word' id='word_1_201' title='bbox 140 2457 274 2537; x_wconf 83' lang='grc' dir='ltr'>ἐτύγχανε</span> <span class='ocrx_word' id='word_1_202' title='bbox 288 2457 451 2538; x_wconf 87' lang='grc' dir='ltr'>κατεηγότα,</span> <span class='ocrx_word' id='word_1_203' title='bbox 464 2460 492 2517; x_wconf 81' lang='grc' dir='ltr'>οἱ</span> <span class='ocrx_word' id='word_1_204' title='bbox 510 2457 540 2516; x_wconf 74' lang='grc' dir='ltr'>δὲ</span> <span class='ocrx_word' id='word_1_205' title='bbox 559 2462 636 2518; x_wconf 85' lang='grc' dir='ltr'>τοῖσι</span> <span class='ocrx_word' id='word_1_206' title='bbox 653 2459 751 2536; x_wconf 79' lang='grc' dir='ltr'>ξίφεσι</span> <span class='ocrx_word' id='word_1_207' title='bbox 765 2458 943 2540; x_wconf 77' lang='grc' dir='ltr'>διεργάζοντο</span> 
     </span>
     <span class='ocr_line' id='line_1_29' title="bbox 140 2544 943 2628; baseline 0.005 -25"><span class='ocrx_word' id='word_1_208' title='bbox 140 2544 205 2607; x_wconf 76' lang='grc' dir='ltr'>τούς</span> <span class='ocrx_word' id='word_1_209' title='bbox 225 2545 350 2622; x_wconf 85' lang='grc' dir='ltr'>Πέρσας·</span> <span class='ocrx_word' id='word_1_210' title='bbox 379 2546 424 2604; x_wconf 88' lang='grc' dir='ltr'>καὶ</span> <span class='ocrx_word' id='word_1_211' title='bbox 441 2545 579 2621; x_wconf 82' lang='grc' dir='ltr'>Λεωνίδης</span> <span class='ocrx_word' id='word_1_212' title='bbox 600 2571 631 2607; x_wconf 86' lang='grc' dir='ltr'>τε</span> <span class='ocrx_word' id='word_1_213' title='bbox 647 2550 676 2608; x_wconf 86' lang='grc' dir='ltr'>ἐν</span> <span class='ocrx_word' id='word_1_214' title='bbox 696 2547 784 2626; x_wconf 78' lang='grc' dir='ltr'>τούτῳ</span> <span class='ocrx_word' id='word_1_215' title='bbox 805 2551 843 2625; x_wconf 75' lang='grc' dir='ltr'>τῷ</span> <span class='ocrx_word' id='word_1_216' title='bbox 864 2547 943 2628; x_wconf 78' lang='grc' dir='ltr'>πόνῳ</span> 
     </span>
     <span class='ocr_line' id='line_1_30' title="bbox 140 2630 942 2712; baseline 0.006 -23"><span class='ocrx_word' id='word_1_217' title='bbox 140 2631 244 2702; x_wconf 86' lang='grc' dir='ltr'>πίπτει,</span> <span class='ocrx_word' id='word_1_218' title='bbox 271 2630 341 2708; x_wconf 71' lang='grc' dir='ltr'>α’νηρ</span> <span class='ocrx_word' id='word_1_219' title='bbox 368 2632 514 2712; x_wconf 86' lang='grc' dir='ltr'>γενόμενος</span> <span class='ocrx_word' id='word_1_220' title='bbox 540 2632 662 2711; x_wconf 78' lang='grc' dir='ltr'>ἄριστος,</span> <span class='ocrx_word' id='word_1_221' title='bbox 693 2634 739 2694; x_wconf 88' lang='grc' dir='ltr'>καὶ</span> <span class='ocrx_word' id='word_1_222' title='bbox 767 2634 854 2710; x_wconf 85' lang='grc' dir='ltr'>ἐτεροι</span> <span class='ocrx_word' id='word_1_223' title='bbox 879 2637 942 2711; x_wconf 88' lang='grc' dir='ltr'>μετ’</span> 
     </span>
     <span class='ocr_line' id='line_1_31' title="bbox 141 2717 943 2802; baseline 0.001 -25"><span class='ocrx_word' id='word_1_224' title='bbox 141 2717 225 2779; x_wconf 82' lang='grc' dir='ltr'>αύτοΰ</span> <span class='ocrx_word' id='word_1_225' title='bbox 243 2717 397 2795; x_wconf 83' lang='grc' dir='ltr'>ὀνομαστοὶ</span> <span class='ocrx_word' id='word_1_226' title='bbox 417 2722 619 2798; x_wconf 79' lang='grc' dir='ltr'>Σπαρτιητέων,</span> <span class='ocrx_word' id='word_1_227' title='bbox 633 2724 688 2781; x_wconf 77' lang='grc' dir='ltr'>τῶν</span> <span class='ocrx_word' id='word_1_228' title='bbox 707 2721 761 2802; x_wconf 76' lang='grc' dir='ltr'>ε’γιδ</span> <span class='ocrx_word' id='word_1_229' title='bbox 780 2720 816 2782; x_wconf 77' lang='grc' dir='ltr'>ὥς</span> <span class='ocrx_word' id='word_1_230' title='bbox 833 2719 943 2795; x_wconf 73' lang='grc' dir='ltr'>ἀνδρῶν</span> 
     </span>
     <span class='ocr_line' id='line_1_32' title="bbox 140 2804 943 2888; baseline -0.001 -23"><span class='ocrx_word' id='word_1_231' title='bbox 140 2806 223 2877; x_wconf 77' lang='grc' dir='ltr'>ἀξίων</span> <span class='ocrx_word' id='word_1_232' title='bbox 243 2807 396 2888; x_wconf 88' lang='grc' dir='ltr'>γενομένων</span> <span class='ocrx_word' id='word_1_233' title='bbox 414 2807 557 2884; x_wconf 88' lang='grc' dir='ltr'>ἐπυθόμην</span> <span class='ocrx_word' id='word_1_234' title='bbox 573 2807 611 2868; x_wconf 76' lang='grc' dir='ltr'>τά</span> <span class='ocrx_word' id='word_1_235' title='bbox 627 2806 777 2886; x_wconf 85' lang='grc' dir='ltr'>ούνόματα·</span> <span class='ocrx_word' id='word_1_236' title='bbox 798 2804 943 2883; x_wconf 68' lang='grc' dir='ltr'>ἐπυθόμην</span> 
     </span>
     <span class='ocr_line' id='line_1_33' title="bbox 141 2892 943 2972; baseline -0.002 -17"><span class='ocrx_word' id='word_1_237' title='bbox 141 2894 172 2955; x_wconf 82' lang='grc' dir='ltr'>δέ</span> <span class='ocrx_word' id='word_1_238' title='bbox 185 2894 231 2954; x_wconf 85' lang='grc' dir='ltr'>καὶ</span> <span class='ocrx_word' id='word_1_239' title='bbox 244 2892 437 2955; x_wconf 73' lang='grc' dir='ltr'>ἁπάντωντῶν</span> <span class='ocrx_word' id='word_1_240' title='bbox 448 2895 624 2972; x_wconf 80' lang='grc' dir='ltr'>τριηκοσίων·</span> <span class='ocrx_word' id='word_1_241' title='bbox 645 2895 691 2953; x_wconf 92' lang='grc' dir='ltr'>καὶ</span> <span class='ocrx_word' id='word_1_242' title='bbox 704 2893 738 2970; x_wconf 73' lang='grc' dir='ltr'>δη</span> <span class='ocrx_word' id='word_1_243' title='bbox 750 2892 796 2952; x_wconf 87' lang='grc' dir='ltr'>καὶ</span> <span class='ocrx_word' id='word_1_244' title='bbox 806 2895 943 2969; x_wconf 75' lang='grc' dir='ltr'>Περσέων</span> 
     </span>
     <span class='ocr_line' id='line_1_34' title="bbox 141 2979 940 3060; baseline -0.003 -16"><span class='ocrx_word' id='word_1_245' title='bbox 141 2985 278 3044; x_wconf 86' lang='grc' dir='ltr'>πίπτουσι</span> <span class='ocrx_word' id='word_1_246' title='bbox 297 2982 415 3044; x_wconf 76' lang='grc' dir='ltr'>ἐνθαῦτα</span> <span class='ocrx_word' id='word_1_247' title='bbox 431 2979 518 3044; x_wconf 70' lang='grc' dir='ltr'>ἄλλοι</span> <span class='ocrx_word' id='word_1_248' title='bbox 534 3007 566 3044; x_wconf 91' lang='grc' dir='ltr'>τε</span> <span class='ocrx_word' id='word_1_249' title='bbox 585 2982 691 3042; x_wconf 85' lang='grc' dir='ltr'>πολλοὶ</span> <span class='ocrx_word' id='word_1_250' title='bbox 711 2981 757 3042; x_wconf 84' lang='grc' dir='ltr'>καὶ</span> <span class='ocrx_word' id='word_1_251' title='bbox 776 2979 940 3060; x_wconf 84' lang='grc' dir='ltr'>ὀνομαστοὶ,</span> 
     </span>
     <span class='ocr_line' id='line_1_35' title="bbox 140 3067 942 3151; baseline -0.001 -18"><span class='ocrx_word' id='word_1_252' title='bbox 140 3077 171 3132; x_wconf 85' lang='grc' dir='ltr'>ἐν</span> <span class='ocrx_word' id='word_1_253' title='bbox 183 3073 214 3133; x_wconf 83' lang='grc' dir='ltr'>δέ</span> <span class='ocrx_word' id='word_1_254' title='bbox 227 3069 262 3150; x_wconf 71' lang='grc' dir='ltr'><em>δῆ</em></span> <span class='ocrx_word' id='word_1_255' title='bbox 275 3071 323 3133; x_wconf 78' lang='grc' dir='ltr'>καὶ</span> <span class='ocrx_word' id='word_1_256' title='bbox 336 3071 457 3151; x_wconf 84' lang='grc' dir='ltr'>Δαρείου</span> <span class='ocrx_word' id='word_1_257' title='bbox 472 3070 521 3132; x_wconf 86' lang='grc' dir='ltr'>δύο</span> <span class='ocrx_word' id='word_1_258' title='bbox 536 3070 640 3141; x_wconf 73' lang='grc' dir='ltr'>παῖδες,</span> <span class='ocrx_word' id='word_1_259' title='bbox 653 3067 834 3149; x_wconf 85' lang='grc' dir='ltr'>Ἀβροκόμης</span> <span class='ocrx_word' id='word_1_260' title='bbox 849 3096 880 3129; x_wconf 87' lang='grc' dir='ltr'>τε</span> <span class='ocrx_word' id='word_1_261' title='bbox 894 3074 942 3132; x_wconf 89' lang='grc' dir='ltr'>καὶ</span> 
     </span>
     <span class='ocr_line' id='line_1_36' title="bbox 52 3144 944 3256; baseline 0 -36"><span class='ocrx_word' id='word_1_262' title='bbox 52 3144 80 3256; x_wconf 65' lang='grc' dir='ltr'>Ι</span> <span class='ocrx_word' id='word_1_263' title='bbox 131 3158 315 3242; x_wconf 80' lang='grc' dir='ltr'>Ὑπεράνθης,</span> <span class='ocrx_word' id='word_1_264' title='bbox 331 3165 365 3224; x_wconf 82' lang='grc' dir='ltr'>ἐκ</span> <span class='ocrx_word' id='word_1_265' title='bbox 382 3164 434 3242; x_wconf 79' lang='grc' dir='ltr'>τῆς</span> <span class='ocrx_word' id='word_1_266' title='bbox 444 3158 587 3241; x_wconf 80' lang='grc' dir='ltr'>Ἀρτάνεω</span> <span class='ocrx_word' id='word_1_267' title='bbox 599 3160 737 3242; x_wconf 79' lang='grc' dir='ltr'>θυγατρὸς</span> <span class='ocrx_word' id='word_1_268' title='bbox 746 3157 944 3235; x_wconf 65' lang='grc' dir='ltr'>Φραταγούνης</span> 
     </span>
     <span class='ocr_line' id='line_1_37' title="bbox 112 3245 962 3339; baseline -0.007 -31"><span class='ocrx_word' id='word_1_269' title='bbox 112 3251 273 3327; x_wconf 77' lang='grc' dir='ltr'>γεγονότες</span> <span class='ocrx_word' id='word_1_270' title='bbox 287 3254 417 3339; x_wconf 61' lang='grc' dir='ltr'>Δαρείῳ·</span> <span class='ocrx_word' id='word_1_271' title='bbox 438 3250 458 3317; x_wconf 77' lang='grc' dir='ltr'>ὅ</span> <span class='ocrx_word' id='word_1_272' title='bbox 481 3252 512 3316; x_wconf 73' lang='grc' dir='ltr'>δὲ</span> <span class='ocrx_word' id='word_1_273' title='bbox 529 3248 675 3331; x_wconf 71' lang='grc' dir='ltr'>’λρτόγης</span> <span class='ocrx_word' id='word_1_274' title='bbox 697 3246 819 3322; x_wconf 81' lang='grc' dir='ltr'>Δαρείου</span> <span class='ocrx_word' id='word_1_275' title='bbox 842 3245 890 3314; x_wconf 76' lang='grc' dir='ltr'>μὶν</span> <span class='ocrx_word' id='word_1_276' title='bbox 910 3246 962 3294; x_wconf 75' lang='grc' dir='ltr'>τοῖ)</span> 
     </span>
    </p>
   </div>
   <div class='ocr_carea' id='block_1_2' title="bbox 0 0 1019 3450">
    <p class='ocr_par' dir='ltr' id='par_1_2' title="bbox 0 0 1019 3450">
     <span class='ocr_line' id='line_1_38' title="bbox 0 0 1019 3450; baseline 0 0"><span class='ocrx_word' id='word_1_277' title='bbox 0 0 1019 3450; x_wconf 95' lang='lat' dir='ltr'> </span> 
     </span>
    </p>
   </div>
  </div>
 </body>
</html>
