2024 3450
125 112 156 158 ιι
427 107 605 158 Ἠνοιουοτ
877 108 922 172 [V.

124 188 249 268 ἀμαχητὶ
271 188 329 270 εἶχε
350 189 387 250 τά
409 216 462 267 περ
489 191 577 265 ἔλαβε
602 186 680 264 παρὰ
703 189 923 265 Πεισιστράτου·

124 278 278 353 ἐπολέμεον
291 278 346 359 γὰρ
361 279 390 336 ἐκ
404 303 434 337 τε
447 276 614 355 Ἀχιλληίου
635 273 734 338 πόλιος
754 275 925 351 ὁρμεῶμενοι

125 364 171 421 καὶ
185 365 295 444 Σιγείου
316 367 361 424 ἐπὶ
379 365 481 444 χρόνον
502 363 606 442 σνχνόν
620 364 808 436 Μυτιληναῖοί
826 390 856 422 τε
878 367 924 424 καὶ

123 449 277 527 Ἀθηναῖοι·
298 456 326 512 οἶ
338 456 390 530 μὲν
401 453 579 513 ἀπαιτέοντες
592 450 643 525 τήν
656 449 758 526 χώρην·
780 448 923 525 Ἀθηναῖοι

124 538 154 597 δὲ
171 538 232 599 οὔτε
246 540 510 622 συγγινωσκόμενοι,
525 537 731 598 ἀποδεικνύντες
742 563 774 595 τε
787 537 863 617 λόγῳ
879 539 923 598 οὗ·

125 627 170 687 δὲν
189 633 303 704 μᾶλλον
316 632 451 688 Αἰολεῦσι
471 627 571 703 μετεόν
589 629 639 699 τῆς
651 622 770 687 Ἰλιάδος
790 625 889 703 χώρης,
904 627 923 702 ἢ

122 715 155 774 οὗ
177 716 222 775 καὶ
242 716 299 791 σφὶ
319 718 367 774 καὶ
385 719 462 774 τοῖσι
483 713 600 773 ἄλλοισι
620 711 684 771 ὅσοι
697 710 841 787 Ἑλλήνων
856 740 923 774 συν·

77 803 114 859 95
125 803 280 878 επρήξαντο
293 805 425 880 Μενέλεῳ
438 802 488 864 τοὶς
501 801 615 875 Ἑλένης
628 799 763 879 ἁρπαγάς.
795 805 922 877 Πολεμε·

123 890 208 949 όντων
222 890 253 948 δέ
270 896 374 964 σφεων,
388 892 508 948 παντοῖα
529 888 575 946 καὶ
593 887 669 945 ἄλλα
690 888 798 967 ἐγένετο
813 893 841 946 ἐν
854 895 922 966 τῇσι

122 975 244 1054 μάχῃσι·
266 982 298 1036 ἐν’
308 977 337 1035 δέ
350 977 383 1052 δη
396 977 444 1034 καὶ
454 976 587 1039 Ἀλκαῖος
601 975 617 1035 ὁ
630 974 754 1050 ποιητὴς,
769 979 922 1053 συμβολῆς

123 1065 272 1142 γενομένης
292 1065 339 1122 καὶ
360 1063 493 1124 νικώντων
506 1062 665 1138 Ἀθηναίων,
685 1062 768 1125 αὗτός
784 1066 836 1139 μὲν
854 1067 920 1140 φεύ-

123 1175 178 1229 γων
197 1141 334 1231 ἐκφεύγει,
348 1150 384 1211 τιί
397 1151 429 1210 δέ
442 1154 468 1210 οἱ
482 1149 558 1209 ὅπλα
578 1151 694 1228 ἴσχουσι
709 1149 860 1225 Ἀθηναῖοι,
873 1155 924 1213 καί

123 1244 202 1312 σφεα
216 1237 408 1315 ἀνεκρέμασαν
422 1238 492 1314 πρός
507 1237 540 1298 τδ
558 1237 707 1311 Ἀθήναιον
721 1239 754 1298 τὸ
768 1245 797 1298 ἐν
812 1242 919 1320 Σιγείῳ.

122 1329 209 1384 ταῦτα
223 1326 252 1385 δὲ
264 1323 396 1390 Ἀλκαῖος
410 1325 438 1386 ἐν
448 1328 531 1402 μέλεϊ
544 1325 665 1400 ποιήσας
686 1328 802 1386 ἐπιτιθεῖ
820 1333 846 1390 ἐς
859 1334 919 1387 Μυ-

121 1413 244 1490 τιλήνην,
260 1413 498 1495 ἐξαγγελλόμενος
511 1415 543 1474 vd
552 1418 658 1483 immo&
672 1415 761 1476 πάθος
775 1417 919 1474 Μελανίπ-

121 1526 165 1578 πῳ
178 1500 256 1578 ἅνδρὶ
271 1504 376 1582 ἐπαίριρ.
418 1504 624 1579 Μυτιληναίους
643 1503 673 1560 δὲ
692 1503 736 1560 καὶ
756 1501 919 1577 Ἀθηναίους

120 1589 283 1664 κατήλλαξε,
294 1591 464 1673 Περίανδρος
478 1590 493 1650 ὁ
509 1592 652 1669 Κυψέλου·
673 1590 760 1668 τούτῳ
775 1590 829 1669 γᾶρ
851 1590 918 1649 διαι-

120 1682 190 1755 τητῇ
219 1679 414 1756 ἐπετράποντο.
457 1679 616 1753 κατήλλαξε
641 1679 671 1736 δὲ
696 1675 756 1736 ὦδε·
784 1678 918 1753 νέμεσθαι

122 1766 264 1840 ἑκατέρους
276 1793 327 1840 την
342 1769 449 1843 ἔχουσι.
492 1767 651 1844 Σιγειον’
614 1792 666 1840 μεν
680 1790 727 1823 νυν
741 1792 810 1824 ουτω
829 1768 918 1845 ἐγένε-

73 1849 153 1906 96το
171 1876 211 1907 υπ
209 1849 413 1924 ’ἊθηναιοισιΙ
455 1851 564 1955 Ιηπίης
579 1853 634 1908 δὲ’
622 1851 684 1908 επεί
702 1877 731 1908 τε
753 1851 865 1911 ἀπίκετο
886 1860 917 1913 ἐκ

120 1961 170 2009 της
181 1937 418 2012 Λακεδαιμονος
407 1962 433 1998 ες
453 1962 504 2010 την
516 1935 624 2010 Ἀσίην,
639 1941 695 1995 πᾶν
713 1943 809 2041 χρῆμα
824 1942 917 2011 ἐκίνεε,

120 2022 284 2098 διαβάλλων
302 2047 345 2084 τε
356 2050 420 2086 τους
432 2023 594 2098 Ἀθηναίους
610 2048 680 2096 προς
695 2048 743 2080 τον
761 2022 917 2104 Αρταφέρ-

118 2136 174 2181 νεα,
197 2113 242 2181 καὶ
263 2113 363 2172 ποιέων
385 2111 495 2169 ἅπαντα
516 2109 585 2171 ὅκως
607 2112 635 2167 αἱ
654 2107 772 2182 Ἀθῆναι
789 2117 917 2189 γενοίατο

118 2197 164 2257 ὑπ’
187 2203 274 2277 ἑωυτῷ
300 2226 331 2258 τε
358 2200 403 2256 καὶ
428 2198 544 2275 Δαρείῳ.
586 2195 694 2270 Ἱππίης
717 2223 748 2255 τε
770 2199 805 2273 δη
829 2207 916 2260 ταῦτα

118 2285 251 2361 ἔπρησσε,
267 2286 314 2347 καὶ
336 2289 362 2344 οἱ
382 2285 525 2360 Ἀθηναῖοι
548 2284 698 2360 πυθόμενοι
724 2289 819 2355 ταῦτα,
847 2290 915 2364 πέμ-

117 2397 205 2429 πουσι
220 2377 247 2434 ἐς
266 2371 365 2448 Σάρδις
382 2372 518 2453 οἶγγέλους
535 2372 583 2431 οὐκ
604 2377 698 2435 ἐῶντες
718 2373 782 2436 τούς
801 2375 916 2450 Πέρσας

117 2458 265 2518 πείθεσθαι
277 2459 429 2535 Ἀθηναίων
447 2464 523 2520 τοῖσι
544 2459 663 2540 φυγάσι·
685 2460 744 2519 ὁδὲ
760 2460 913 2537 Ἀρταφέρ-

117 2570 165 2619 νης
179 2545 289 2604 ἐκέλευέ
301 2553 400 2622 σφεας,
416 2552 440 2606 εἷ
452 2549 607 2625 βουλοίατο
620 2546 687 2606 σόοι
708 2548 784 2618 εἶναι,
801 2550 914 2608 καταδέ-

117 2633 217 2691 κεσθαι
238 2633 328 2692 ὀπίσω
349 2634 469 2711 Ἱππίην.
512 2636 597 2694 οὔκων
619 2634 652 2709 δη
676 2636 829 2696 ἐνεδέκοντο
850 2638 914 2700 τοίς

116 2718 219 2798 λόγους
232 2719 459 2799 ἀποφερομένους
469 2722 625 2798 Ἀθηναῖοι·
647 2722 696 2780 οὐκ
711 2723 913 2798 ἐνδεκομένοισι

116 2805 215 2881 δέσφι
229 2807 341 2869 δέδοκτο
362 2816 392 2868 ἐκ
409 2815 459 2869 τοῦ
481 2813 603 2886 φανεροῦ
623 2814 699 2869 τοῖσι
713 2810 846 2888 Πέρσησι
864 2837 913 2868 πο-

114 2894 228 2970 λεμίους
242 2895 320 2956 εἶναι.

68 2982 104 3040 97
155 2984 313 3059 Νομίζουσι
326 2984 360 3091 δη
374 2989 469 3052 ταῦτα,
481 2984 527 3042 καὶ
540 2983 795 3058 διαβεβλημένοισι
809 2989 836 3046 ἐς
848 2984 913 3046 τούς

103 3071 272 3144 quffas’
254 3098 287 3133 εν
306 3097 395 3152 τοντω
415 3071 511 3148 δη
471 3099 511 3150 τερ
533 3096 616 3148 καιρω
636 3097 651 3128 ο
675 3071 818 3144 Μιλησιος
839 3071 914 3146 Αρι

85 3157 246 3233 “⁷“7027'75s
273 3160 333 3222 ν’πο
357 3131 542 3240 Κλεομένεος
563 3186 614 3220 του
636 3157 859 3269 λακεδαιμονίου
883 3158 925 3222 εξ

65 3237 255 3306 θλᾱσθεις’
236 3276 273 3308 εκ
292 3255 352 3328 τῆς
367 3250 562 3334 Στιίρτης,
545 3248 672 3310 απίκετο
694 3249 722 3307 ἐς
736 3240 790 3302 τὰς
801 3239 939 3314 Ἀθήναῗ
