2024 3450
118 115 149 160 ιυ
429 107 609 156 Ἡνοιοτοι
868 105 918 172 [ν.

70 189 107 246 90
117 190 247 265 οἶνάρσια.
288 187 335 250 Ἐς
353 188 487 263 τιμωρίην
503 187 532 245 δὲ
550 185 858 262 παρασκευαζομένοισι
871 186 919 247 αὖ·

117 281 194 335 τοῖσι
225 282 255 335 ἐκ
279 276 503 351 Λακεδαιμονίων
528 278 646 354 πρῆγμα
670 273 845 354 ἐγειρόμενον
871 281 920 353 ἐμ-

119 364 217 433 πόδιον
238 365 372 443 ἐγένετο,
397 363 549 440 πυθάμενοι
572 362 627 442 γάρ
656 365 683 420 οἱ
703 361 920 439 Λακεδαιμόνιοι

116 450 151 510 τά
170 457 200 510 ἐκ
222 456 276 510 τῶν
291 450 530 528 Ἀλκμαιωνιδέων
551 456 578 513 ἐς
595 449 646 524 την
663 449 774 523 Πυθίην
790 457 920 530 μεμηχα·

118 541 229 616 νημένα,
254 541 301 598 καὶ
321 541 358 600 τά
379 545 409 599 ἐκ
434 544 484 614 τῆς
506 539 612 613 Πυθίης
635 538 681 596 ἐπὶ
705 537 850 611 σφέαςτε
871 540 920 599 καὶ

117 629 180 691 τούς
201 629 446 706 Πεισιστρατιδας,
468 626 620 703 συμφορὴν
641 629 783 699 ἐποιεῦντο
804 625 918 703 διπλῆν,

116 715 159 775 ὅτι
179 743 209 783 τε
230 716 330 793 ἄνδρας
349 717 452 785 ξείνους
471 722 526 790 σφι
545 714 639 776 ἐόντας
660 711 869 788 ἐξεληλάκεσαν
887 719 920 773 ἐκ

115 809 165 879 τῆς
184 806 292 863 ἐκείνων
311 805 356 861 καὶ
377 802 419 861 ότι
438 807 526 861 ταῦτα
546 801 686 876 ποιήσασι
703 800 784 878 χάρις
802 799 919 878 οὐδεμία

117 893 245 965 ἐφαίνετο
262 890 333 966 πρὸς
348 893 403 949 τῶν
421 889 584 964 Ἀθηναίων·
614 891 653 948 ἔτι
673 914 704 948 τε
724 887 795 965 πρός
810 888 917 948 τούτοι-

116 1003 147 1035 σι
175 977 274 1057 ἐνῆγόν
297 983 389 1052 σφεας
410 980 437 1036 οἱ
457 979 591 1055 χρησμοὶ,
615 978 745 1058 λέγοντες
766 976 865 1035 πολλά
885 1002 918 1037 τε

116 1064 162 1121 καὶ
186 1062 307 1140 άνάρσια
334 1065 450 1124 ἔσεσθαι
478 1064 589 1124 αὐτοῖσι
616 1066 647 1134 ἐξ
671 1063 834 1137 Ἀθηναίων·
861 1068 918 1125 τῶν

115 1149 251 1228 πρότερον
279 1154 332 1228 μὲν
358 1151 433 1227 ἦσαν
460 1152 563 1221 ἀδαέες,
593 1153 656 1212 τότε
684 1151 713 1209 δὲ
741 1150 918 1226 Κλεομένεος

116 1241 284 1315 κομίσαντος
315 1245 342 1303 ἐς
369 1240 501 1316 Σπάρτην
534 1239 675 1315 ἐξέμαθον.
720 1237 858 1312 ἐκτήσατο
885 1240 917 1299 δέ

115 1326 130 1386 ὁ
156 1329 318 1404 Κλεομένης
348 1330 457 1403 ἐκτῆς
477 1327 630 1403 Ἀθηναίων
656 1325 825 1402 άκροπόλιος
850 1326 917 1391 τοθς

114 1415 268 1494 χρησμοῦς,
295 1414 359 1479 τούς
386 1418 498 1492 ἔκτηντο
525 1416 576 1491 μὲν
600 1414 735 1491 πρότερον
763 1415 789 1471 οἷ
817 1419 915 1473 Πεισι-

115 1505 261 1582 στρατίδαι
280 1503 490 1580 ἐξελαυνόμενοι
512 1504 541 1563 δέ
562 1504 661 1561 ἔλιπον
679 1506 707 1560 ἐν
725 1504 763 1578 τῷ
782 1503 839 1578 ἱρῷ·
868 1527 915 1558 κα-

67 1593 315 1669 θΙταλειφθέντας
339 1593 368 1652 δέ
392 1592 408 1652 ὁ
432 1592 594 1668 Κλεομένης
621 1589 751 1664 ἀνέλαβε.
794 1587 865 1647 Τότε
884 1588 915 1647 δὲ

114 1679 150 1744 ω“ς
170 1680 312 1758 άνέλαβον
329 1684 356 1740 οἱ
373 1678 588 1756 Λακεδαιμόνιοι
609 1677 674 1739 τούς
694 1674 849 1753 χρησμοῧς,
868 1678 914 1735 καὶ

113 1769 177 1830 τούς
203 1768 366 1842 Ἀθηναίους
394 1767 491 1843 ἐώρεον
523 1765 689 1842 αὐξομένους
716 1764 761 1821 καὶ
788 1761 914 1839 οὐδαμῶς

118 1854 243 1928 ἑτοίμους
265 1853 359 1915 ἐόντας
382 1854 532 1912 πείθεσθαί
551 1859 614 1927 σφι,
637 1851 690 1932 νόῳ
716 1848 912 1926 λαβάντεςῶς

114 1938 260 2014 ἐλεύθερον
275 1941 328 2015 μὲν
346 1938 392 1998 ἐδν
410 1940 442 1999 τά
461 1940 541 2020 γένος
560 1939 593 1998 τά
613 1937 741 1999 Ἀττικόν
761 1936 913 2014 ἰσόρροπον

112 2030 151 2107 τῷ
172 2031 277 2088 ἑωυτῶν
298 2028 413 2110 γίνοιτο,
431 2027 616 2106 κατεχόμενον
635 2027 664 2085 δὲ
680 2027 735 2087 ὑπό
754 2026 913 2102 τυραννίδος

113 2114 228 2181 άσθενές
256 2118 302 2176 καὶ
328 2117 545 2196 πειθαρχέεσθαι
572 2119 691 2191 ἑτοῖμον·
720 2113 856 2192 μαθόντες
883 2114 913 2173 δέ
940 2122 943 2128 ’

85 2232 88 2239 ·
115 2207 217 2265 τούτων
243 2207 356 2275 ἕκαστα,
380 2205 590 2281 μετεπέμποντο
612 2203 723 2279 Ἱππίην
740 2200 793 2262 ’τόν
814 2204 913 2263 Πεισι-

113 2293 235 2368 στράτου
262 2292 318 2351 οἷπδ
344 2293 453 2371 Σιγείου
478 2296 529 2352 τοῦ
557 2296 585 2350 ἐν
608 2290 830 2369 Ἑλλησπόντῳ,Ι
845 2294 872 2353 ἐς
895 2283 914 2350 ά

113 2378 322 2458 καταφεύγουσι
344 2381 370 2436 οἱ
394 2379 635 2455 Πεισιστρατίδαι·
664 2380 725 2437 ἐπεί
743 2403 774 2438 τε
800 2377 831 2435 δέ
856 2385 913 2454 σφι

112 2464 221 2539 Ἱππίης
245 2465 412 2542 καλεόμενος
435 2463 493 2541 ἧκε,
516 2468 765 2544 μεταπεμψάμενοι
792 2465 838 2524 καὶ
857 2470 914 2526 τῶν

113 2551 207 2613 ἄλλων
226 2553 381 2632 συμμάχων
397 2553 542 2635 ἀγγέλους,
557 2554 654 2634 ἔλεγόν
668 2561 724 2631 σφι
738 2556 913 2630 Σπαρτιῆται

113 2641 188 2699 τάδε·
215 2640 337 2718 “ἅνδρες
361 2641 515 2719 σύμμαχοι,
544 2641 774 2721 συγγινώσκομεν
801 2639 913 2700 αὐτοῖσι

111 2727 180 2804 ἡμῖν
204 2727 236 2786 οὐ
261 2729 401 2803 ποιήσασι
423 2728 520 2804 ὀρθῶς·
549 2730 719 2805 ἐπαρθέντες·
733 2730 790 2813 γάρ
815 2729 913 2806 κιβδή-

112 2820 192 2874 λοισι
218 2816 387 2891 μαντηίοισι,
410 2814 510 2891 άνδρας
537 2817 640 2885 ξείνους
663 2819 758 2881 ἐόντας
784 2817 851 2894 ἡμῖν
877 2817 917 2877 τά

111 2903 240 2980 μάλιστα
253 2903 299 2961 καὶ
312 2901 527 2978 ἀναδεκομένους
539 2903 698 2984 ὗποχειρίας
713 2907 842 2983 παρέξειν
862 2904 914 2969 τάς

111 2989 239 3068 Ἀθήνας,
254 2990 368 3054 τούτους
390 2994 419 3049 ἐκ
438 2993 488 3065 τῆς
506 2992 638 3068 πατρίδος
658 2994 846 3070 ἐξηλάσαμεν,
866 2994 914 3052 καὶ

114 3083 215 3152 ἔπειτα,
230 3078 399 3156 ποιήσαντες
418 3082 514 3149 ταῦτα,
529 3080 606 3160 δήμω
627 3079 770 3162 άχαρίστιρ
790 3080 912 3159 παρεδά-

109 3196 197 3247 καμεν
215 3168 267 3247 την
283 3167 378 3229 πόλιν·
399 3167 430 3233 ὃς
447 3169 509 3229 ἐπεί
521 3196 553 3230 τε
573 3168 605 3228 δι’
620 3169 709 3245 ἡμέας
722 3169 916 3244 ἐλευθερωθεὶς

95 3254 226 3337 ανείτυηθε,
252 3259 343 3338 ἤμέας
364 3263 420 3340 μὲν
444 3261 493 3322 καὶ
517 3259 568 3321 τόν
592 3256 725 3335 βασιλέα
743 3254 838 3328 ἡμέων
854 3274 933 3323 περι.-
