2024 3450
115 115 163 163 τοι
422 106 604 155 ἭΡοΔοτου
852 107 918 170 [ιιι.

110 189 301 268 ,ἀντιώσεσθαι
321 192 350 251 ἐς
368 185 421 263 τὴν
440 178 576 260 Βοιωτίην
595 183 796 262 προδεδώκατε,
816 190 921 264 περιεί-

114 275 177 338 δετέ
195 303 226 338 τε
247 273 411 352 ἐσβαλόντα
431 278 459 337 ἐς
473 272 525 348 τὴν
537 271 668 347 Ἀττικὴν
686 273 737 333 τόν
755 273 920 352 βάρβαρον.

113 370 141 430 ἐς
161 365 212 442 μέν
233 390 280 424 νυν
300 362 333 423 τό
354 361 458 439 παρεόν
470 360 614 435 Ἀθηναῖοι
635 359 701 436 ἡμῖν
722 361 867 438 μηνίουσι·
889 363 923 422 οὗ

112 452 169 534 γάρ
183 451 335 527 ἐποιήσατε
350 449 505 526 ἐπιτηδέως·
520 452 568 507 νῦν
582 448 611 507 δέ
626 447 668 508 ὅτι
681 448 769 527 τάχος
783 451 923 526 στρατιὴν

112 539 172 618 ἅμα
197 539 265 616 ἡμῖν
288 539 439 598 ἐκέλευσαν
462 535 548 611 ὑμέας
570 535 728 611 ἐκπέμπειν,
755 535 792 598 ὦς
815 535 850 596 ἂν
871 537 922 598 τόν

112 627 264 705 βάρβαρον
290 625 433 703 δεκώμεθα
460 630 489 682 ἐν
514 629 550 701 τῇ
577 623 702 701 Ἀττικῇ·
741 624 837 701 ἐπειδὴ
864 626 921 707 γὰρ

113 716 275 793 ἡμάρτομεν
287 719 338 791 τὴς
351 713 492 788 Βοιωτίης,
506 716 556 787 τῆς
572 737 605 793 γε
621 710 756 788 ἡμετέρης
773 715 921 788 ἐπιτηδειό-

112 804 197 865 τατόν
225 809 286 862 ἐστι
318 800 536 881 ἐμμαχέσασθαι
569 800 602 861 τό
637 799 773 876 Θριάσιον
799 801 921 862 πεδίον.”

86 891 161 954 8Ὡς
179 892 210 950 δέ
229 890 283 967 ἄρα
298 889 424 965 ἤκουσαν
444 892 471 948 οἱ
492 890 590 965 ἔφοροι
610 891 706 956 ταῦτα,
721 887 921 964 άνεβάλλοπο

114 984 141 1042 ἐς
158 979 209 1054 τὴν
230 978 380 1054 ὑστεραίην
397 977 610 1053 ὑποκρίνασθαι·
630 979 666 1054 τῇ
685 975 715 1034 δέ
733 975 878 1056 άστεραίῃ,
893 984 921 1043 ἐς

112 1067 164 1141 τὴν
184 1067 286 1141 έτέρην.
327 1068 410 1122 τοῦτο
431 1065 476 1122 καὶ
496 1064 541 1123 ἐπὶ
558 1065 623 1123 δέκα
636 1061 742 1140 ἡμέρας
756 1067 875 1136 ἐποίεον,
890 1069 922 1138 ἐξ

112 1153 217 1230 ἡμέρης
239 1158 265 1215 ἐς
285 1151 391 1227 ἡμέρην
411 1150 651 1227 ἀναβαλλόμενοι·
673 1157 703 1210 ἐν
724 1152 754 1210 δέ
773 1152 863 1233 τούτῳ
883 1163 922 1235 τῷ

112 1240 204 1321 χρόνῳ
216 1240 265 1301 τόν
274 1238 391 1317 Ἰσθμόν
402 1239 531 1318 ἐτείχεον,
543 1266 619 1299 σπου
635 1239 670 1315 ἡν
681 1241 791 1318 ἔχοντες
804 1243 921 1322 πολλὴν

112 1329 213 1393 πάντες
241 1328 479 1403 Πελοποννήσιοι·
517 1328 565 1387 καί
589 1335 646 1404 σφι
671 1327 706 1405 ἦν
733 1328 804 1405 πρός
831 1332 919 1391 τέλεϊ.

114 1418 169 1477 οὐδ’
181 1419 234 1498 έχω
249 1418 323 1477 εἶπαι
335 1416 368 1476 τό
382 1417 478 1486 αἴτιον,
490 1415 559 1476 διότι
573 1415 742 1493 ἀπικομένου
754 1419 807 1492 μέν
819 1414 920 1490 Ἀλεξ-

113 1505 212 1583 άνδρου
225 1510 275 1565 τοῦ
289 1504 451 1567 Μακεδόνος
465 1510 491 1567 ἐς
504 1504 624 1580 Ἀθήνας
645 1503 772 1580 σπουδὴν
785 1505 919 1586 μεγάλην

113 1594 283 1668 ἐποιήσαντο
307 1592 347 1670 μὴ
370 1593 488 1669 μηδίσαι
509 1592 680 1668 Ἀθηναίους,
704 1592 768 1653 τότε
791 1593 821 1653 δέ
847 1593 922 1673 ὤρην

114 1681 284 1757 ἐποιήσαντο
301 1675 439 1757 οὖδεμίαιῖ,
453 1679 528 1739 ἄλλο
547 1706 580 1761 γε
598 1679 616 1755 ἢ
635 1679 678 1740 ὅτι
697 1679 713 1739 ό
730 1679 849 1757 Ἰσθμός
863 1691 921 1760 σφι

114 1770 291 1847 ἐτετείχιστο,
321 1769 366 1827 καὶ
401 1768 509 1828 ἐδόκεον
543 1767 695 1843 Ἀθηναίων
730 1769 769 1828 ἔτι
804 1769 921 1832 δέεσθαι

113 1855 200 1914 οὐδέν·
219 1854 264 1914 ὅτε
278 1855 307 1914 δὲ
321 1855 336 1914 ὁ
349 1855 533 1932 Ἀλέξανδρος
547 1855 661 1915 α’πίκετο
676 1859 704 1918 ἐς
716 1854 767 1931 τὴν
776 1855 919 1934 Ἀττικὴν,

113 1942 183 2003 οὔκω
204 1942 423 2023 ἀπετετείχιστο·
450 1944 598 2024 ἐργάζοντο
618 1944 647 2003 δέ
667 1943 797 2024 μεγάλως
816 1971 920 2024 καταρ-

112 2033 264 2111 ρωδηκότες
277 2031 341 2097 τοῦς
355 2032 481 2110 Πέρσας.

85 2124 103 2181 9
153 2125 239 2187 Τέλος
254 2123 291 2196 δέ,
302 2127 352 2198 τῆς
365 2147 395 2182 τε
408 2121 572 2198 ὑποκρίσιος
586 2121 632 2180 καὶ
646 2119 742 2190 ἐξόδου
756 2125 812 2181 τῶν
823 2125 918 2201 Σπαρ-

111 2214 225 2287 τιητέων
246 2212 354 2291 ἐγένετο
375 2208 478 2286 τρόπος
497 2208 618 2268 τοιάσδε·
640 2212 675 2286 τῇ
696 2211 848 2288 προτεραίῃ
869 2217 920 2287 τῆς

111 2297 234 2373 ὑστάτης
255 2296 444 2358 καταστάσιος
464 2296 627 2373 μελλούσης
652 2296 776 2365 ἔσεσθαι,
802 2298 918 2369 Χίλεος,

114 2383 183 2460 άνὴρ
201 2383 346 2463 Τεγεήτης,
365 2382 515 2459 δυνάμενος
538 2389 567 2443 ἐν
588 2383 775 2459 Λακεδαίμονι
793 2385 920 2466 μέγιστα

113 2471 214 2541 ξείνων,
228 2474 282 2531 τῶν
300 2469 407 2548 ἐφόρων
425 2471 541 2532 ἐπύθετο
560 2472 653 2533 πάντα
671 2472 759 2553 λόγον
772 2472 823 2533 τόν
841 2472 919 2550 δὴοί

112 2557 255 2633 Ἀθηναῖοι
277 2559 382 2639 ἔλεγον·
403 2557 527 2622 άκοάσας
548 2561 578 2620 δέ
598 2559 613 2621 ὁ
635 2562 740 2624 Χίλεος
762 2561 841 2640 ἐλεγε
864 2560 919 2640 ἄρα

113 2653 169 2722 σφι
190 2645 265 2705 τάδε·
296 2646 394 2706 “οὕτω
418 2648 483 2727 ἔχει,
503 2648 602 2725 ,ἄνδρες
625 2651 731 2724 ἐφοροι·
762 2647 919 2723 Ἀθηναίων

112 2733 181 2810 ἡμῖν
195 2733 294 2794 ἐόντων
306 2734 346 2812 μὴ
360 2734 484 2813 ἀρθμίων
496 2740 534 2814 τῷ
549 2736 578 2795 δὲ
594 2737 735 2814 βαρβάρῳ
749 2734 918 2815 συμμάχων,

113 2822 213 2899 καίπερ
226 2823 332 2902 τείχεος
342 2823 387 2882 διά
396 2829 447 2883 τοῦ
456 2823 574 2900 Ἰσθμοῦ
587 2825 761 2899 ἐληλαμένου
772 2829 918 2900 καρτεροῦ,

112 2911 236 2994 μεγάλοι
248 2909 390 2975 κλισιάδες
408 2911 613 2971 ἀναπεπτέαται
630 2917 656 2974 ἐς
669 2911 720 2986 τὴν
735 2911 919 2990 Πελοπόννη-

113 3027 166 3062 σον
191 3005 230 3080 τῷ
250 3000 361 3080 Πέρση.
403 2998 467 3057 ἀλλ’
491 2998 672 3068 ἐσακούσατε,
697 3000 762 3075 πρίν
788 3025 816 3058 τι
840 2996 919 3061 ἄλλο

65 3087 288 3166 λθἊθηναίοισι
304 3089 383 3160 δόξαι
403 3088 528 3164 σφάλμα
547 3088 634 3164 φέρον
647 3091 682 3164 τῇ
695 3085 840 3145 Ἑλλάδι.”
882 3088 919 3149 Ὁ

94 3179 154 3254 μέν
171 3186 230 3258 σφι
250 3184 343 3244 ταῦτα
365 3177 567 3257 συνεβούλευε·
594 3175 672 3257 οὶιδὶ
689 3173 930 3247 φρενλλοβὲιντες

88 3266 143 3328 τάν
154 3270 263 3355 λόγον,
280 3271 397 3347 αὐτίκα,
412 3267 585 3352 φράσαντες
600 3261 680 3322 οἰδὲν
699 3261 780 3314 ἵῦἷσ·
794 3253 952 3329 ἆἹἹέΜῑῦῑ
