2024 3450
96 103 236 170 110-113]
435 107 546 156 Emn.
848 104 894 149 τοι

95 186 176 245 λέων·
196 187 351 245 τελευταῖοι
365 184 394 244 δὲ
408 184 572 255 ἐτάσσοντο,
587 185 696 263 ἔχοντες
709 181 743 243 τό
757 180 896 257 εύάνυμον

96 273 184 350 κέρας,
199 274 366 334 Πλαταιέες.
408 270 464 331 α’πὸ
478 272 580 347 ταύτης
592 271 646 351 γάρ
661 277 718 346 σφι
731 275 781 346 τῆς
793 252 945 354 μάχης,2

97 360 195 424 θυσίας
207 359 361 435 Ἀθηναίων
378 358 535 440 άναγόντων
554 359 599 416 καὶ
616 357 786 438 πανηγύριας
803 359 853 420 τὰς
867 363 896 416 ἐν

95 451 163 526 τῇσι
183 449 360 524 πεντετηρίσι
382 449 536 528 γινομένας,
558 445 719 523 κατεύχεται
740 444 755 503 ὁ
777 444 896 522 κήρυξό

94 533 243 610 Ἀθηναῖος
262 534 322 612 ἅμα
341 562 371 596 τε
392 534 568 611 Ἀθηναίοισι
584 533 697 613 (λέγων)
714 532 842 611 γίνεσθαι
861 532 897 592 τά,

95 621 189 702 α’γαθά
211 622 257 680 καὶ
278 626 466 682 Πλαταιεῦσι.
507 621 571 681 τότε
592 621 622 678 δὲ
641 620 825 694 τασσομένων
843 623 897 679 τῶν

94 709 249 785 Ἀθηναίων
270 715 299 770 ἐν
318 715 357 789 τῷ
377 710 539 788 Μαραθῶνι,
558 710 663 790 ἐγίνετο
680 705 787 767 τοιόνδε
803 732 840 765 τι·
864 708 897 767 τό

95 798 288 875 στρατόπεδον
313 798 491 875 ἐξισούμενον
514 802 552 877 τῷ
573 798 689 876 Μηδικῷ
708 795 896 874 στρατοπέδῳ,

94 885 129 944 τό
147 887 198 961 μέν
215 883 300 945 αὐτοῦ
317 886 407 963 μέσον
426 888 533 968 ἐγίνετο
550 887 595 946 ἐπὶ
615 881 711 956 τάξιας
730 884 836 964 ὀλίγας,
851 885 897 942 καὶ

95 972 183 1051 ταύτῃ
196 970 231 1047 ἦν
245 971 453 1036 άσθενέστατον
466 974 499 1035 τό
512 973 713 1052 στρατόπεδον·
729 972 763 1033 τό
776 972 806 1032 δὲ
816 972 898 1049 κέρας

38 1128 40 1132 Ι
97 1060 226 1138 ἑκάτερον
236 1062 337 1139 ἔρρωτο
351 1063 463 1140 πλήθεϊ.
491 1063 539 1127 Ὡς
549 1064 580 1123 δέ
593 1069 648 1138 σφι
661 1062 817 1122 διετέτακτο
832 1061 877 1120 καὶ
888 1063 943 1120 112

96 1149 132 1206 τά
151 1149 263 1230 σφάγια
280 1152 385 1231 ἐγίνετο
404 1151 487 1221 καλά,
502 1153 620 1212 ἐνθαῦτα
638 1151 676 1214 ὥς
692 1151 849 1226 ἀπείθησαν
870 1153 897 1208 οἱ

95 1233 247 1313 Ἀθηναῖοι,
262 1238 354 1317 δρόμῳ
373 1239 444 1299 ἵεντο
458 1245 486 1302 ἐς
499 1239 563 1303 τούς
580 1239 754 1315 βαρβάρους·
775 1237 850 1312 ἦσαν
868 1237 898 1294 δέ

96 1324 206 1384 στάδιοι
220 1324 269 1383 ούκ
290 1325 444 1390 ἐλάσσονες
457 1327 490 1385 τό
503 1328 668 1403 μεταίχμιον
682 1325 771 1383 αὐτῶν
784 1322 802 1398 ἢ
814 1323 898 1381 όκτιύ·

97 1414 125 1468 οἳ
143 1412 172 1470 δέ
189 1413 302 1488 Πέρσαι
321 1411 450 1488 ὁρέωντες
468 1413 561 1490 δρόμῳ
582 1412 708 1473 ἐπιόντας
728 1409 897 1487 παρεσκευά-

98 1499 179 1566 ζοντο
201 1497 237 1559 ὦς
258 1497 407 1572 δεξόμενοι·
436 1501 538 1573 μανίην
564 1523 594 1556 τε
621 1501 698 1555 τοῖσι
723 1497 899 1571 Ἀθηναίοισι

100 1583 236 1658 ἐπέφερον
249 1583 295 1640 καὶ
314 1581 408 1662 πάγχυ
426 1584 565 1660 ὀλεθρίην,
578 1583 709 1658 όρέωντες
726 1582 826 1645 αύτούς
839 1582 896 1641 ὀλί-
938 1643 943 1651 ,

97 1695 172 1748 γους,
195 1669 240 1726 καὶ
260 1666 374 1731 τούτους
393 1670 486 1748 δράμω
506 1669 708 1749 ἐπειγομένους,
728 1668 791 1728 οὔτε
813 1669 899 1729 ἵππου

98 1755 281 1833 ὑπαρχούσης
300 1761 356 1830 σφι
373 1756 435 1816 ούτε
451 1757 634 1834 τοξευμάτων.
676 1760 763 1816 ταῦτα
780 1759 833 1834 μέν
850 1784 897 1817 νυν

39 1850 44 1863 ”
98 1847 127 1902 αἱ
139 1844 285 1920 βάρβαροι
303 1845 473 1916 κατείκαζον·
486 1845 629 1922 Ἀθηναῖοι
642 1844 672 1904 δέ
685 1847 747 1906 ἐπεί
757 1872 787 1906 τε
801 1845 898 1924 α’θρόοι

97 1932 272 2008 προσέμιξαν
281 1935 357 1991 τοῖσι
365 1933 551 2012 βαρβάροισι,
562 1933 699 2012 ἐμάχοντο
708 1933 790 2004 α’ξίως
800 1934 898 2014 λόγου·

100 2022 205 2096 πρῶτοι
219 2021 272 2096 μὲν
287 2019 343 2101 γάρ
356 2019 501 2098 Ἑλλήνων
518 2021 635 2091 πάντων,
648 2025 703 2082 τῶν
718 2023 798 2099 ἡμεῖς
812 2023 897 2098 ἴδμεν,

97 2105 190 2186 δρόμῳ
204 2112 231 2171 ἐς
243 2108 395 2185 πολεμίους
405 2109 570 2187 ἐχρήσαντο,
584 2113 689 2186 πρῶτοι
703 2110 732 2168 δέ
745 2109 898 2187 α’νέσχοντο

98 2196 205 2272 ἐσθῆτά
218 2222 250 2256 τε
263 2195 394 2272 Μηδικήν
408 2196 538 2273 όρέωντες
551 2198 596 2256 καὶ
609 2197 674 2260 τούς
687 2197 787 2275 ἄνδρας
796 2195 898 2274 ταύτην

98 2284 276 2360 ἐσθημένους·
292 2284 359 2348 τέως
373 2285 402 2343 δέ
416 2283 451 2361 ἦν
464 2289 540 2345 τοῖσι
549 2284 677 2361 Ἕλλησι
687 2285 733 2344 καὶ
746 2285 780 2345 τό
794 2284 898 2362 ούνομα

96 2371 130 2430 τό
148 2371 253 2447 Μήδων
271 2372 365 2448 φόβος
381 2371 511 2458 οἰκοῦσαι.
553 2375 728 2453 Μαχομένων
745 2374 775 2433 δέ
793 2379 823 2434 ἐν
840 2377 944 2453 τῷ113

97 2460 252 2536 Μαραθῶνι
264 2459 365 2537 χρόνος
382 2462 486 2542 ἐγίνετο
499 2461 617 2523 πολλός·
639 2463 685 2520 καὶ
697 2460 730 2522 τό
743 2464 796 2538 μὲν
808 2463 898 2538 μέσον

97 2549 147 2603 τοῦ
167 2545 357 2622 στρατοπέδου
377 2549 470 2609 ἐνίκων
497 2552 525 2608 οῖ
551 2548 704 2626 βαρβάροι,
726 2553 762 2628 τῇ
787 2550 898 2626 Πέρσαι

97 2657 128 2691 τε
151 2631 230 2692 αὐτοὶ
251 2633 297 2691 καὶ
318 2633 407 2698 Σάκαι
431 2636 591 2715 ἐτετάχατο·
613 2636 684 2696 κατά
696 2642 779 2697 τοῦτο
792 2640 845 2714 μὲν
863 2637 898 2714 δή

98 2721 191 2781 ἐνίκων
215 2723 242 2780 οἱ
261 2721 416 2800 βάρβαροι,
442 2725 488 2782 καὶ
507 2725 639 2802 ῥήξαντες
662 2726 773 2786 ἐδίωκον
796 2731 824 2790 ἐς
846 2725 898 2801 τήν

34 2867 36 2871 ⁴
96 2808 263 2890 μεσόγαιαν·
284 2809 317 2869 τό
338 2809 368 2869 δέ
387 2812 468 2888 κέρας
489 2812 617 2889 ἑκάτερον
639 2813 733 2874 ἐνίκων
753 2813 900 2891 Ἀθηναῖοί

96 2921 128 2954 τε
155 2898 201 2955 καὶ
227 2899 391 2972 Πλαταιέες,
417 2904 544 2961 νικῶντες
561 2901 599 2971 δὲ,
619 2900 653 2960 τό
676 2903 728 2978 μὲν
745 2901 898 2979 τετραμμέ-

98 3009 145 3043 νον
159 2984 384 3063 τῶνβαρβάρων
398 2986 511 3067 φεύγειν
532 2989 590 3056 ἔων,
610 2992 686 3048 τοῖσι
706 2988 736 3046 δέ
755 2987 788 3047 τό
809 2989 898 3063 μέσον

96 3070 201 3145 ῥήξασι
229 3072 319 3133 αὐτῶν
348 3074 559 3158 συναγαγόντες
585 3076 624 3138 τὰ
654 3077 740 3153 κἐρεα
764 3073 924 3147 &Qum

88 3154 240 3233 ε’μάχουτσ
261 3163 309 3222 καὶ
332 3165 433 3228 ἐνίκων
451 3165 619 3246 Ἀθηναῖοι·
642 3163 797 3243 φεύγουσι
808 3156 851 3212 δε
864 3153 954 3208 τοῖσι

78 3235 220 3314 Πῑθσησι
238 3243 364 3310 εἵποντο
377 3249 559 3325 κόπτοντες,
580 3248 646 3315 ἐςδ
662 3245 715 3306 ἐπὶ
728 3239 786 3313 τὴν
802 3232 976 3295 ffi‘mw
