2024 3450
78 109 188 173 43-46]
258 105 259 108 ¹
392 113 580 162 ΚᾸΛΛῙΟΠΗ.
832 113 880 160 30⁹3

80 192 229 262 τηνικαῦτα
241 190 425 266 προσελάσας
439 190 513 268 ἵππῳ
531 190 601 266 πρός
618 191 668 252 τὰς
684 191 813 265 φυλακὰς
829 189 880 253 τάς

79 275 233 349 Ἀθηναίων
253 275 437 353 Ἀλέξανδρος
460 276 476 337 o‘
499 276 647 353 Ἀμύντεω,
671 277 829 358 στρατηγός
849 303 882 337 τε

80 361 131 421 ἐῶν
144 364 190 421 καὶ
202 365 342 438 βασιλεῖς
355 364 531 433 Μακεδόνων,
547 364 652 439 ἐδίζητο
668 367 745 424 τοῖσι
761 391 881 441 στρατη-

82 452 158 529 γοῖσι
182 456 209 514 ἐς
231 452 334 532 λόγους
357 452 458 512 ἐλθεῖν·
492 456 547 511 τῶν
569 452 598 510 δέ
620 450 752 526 φυλάκων
778 455 805 511 οἶ
830 455 882 529 μὲν
963 487 965 490 >

80 540 196 601 πλεῦνες
209 540 372 616 παρέμενον,
387 541 414 598 οἱ
426 538 449 598 δ’
467 540 544 600 ἔθεον
557 538 604 597 ἐπὶ
617 538 682 601 τούς
697 539 881 619 στρατηγούς·

81 623 209 687 ἐλθόντες
227 625 257 683 δὲ
275 626 380 705 ἔλεγον,
395 625 432 689 ὥς
452 623 677 703 ἅνθρωποςῆκοι
693 624 736 684 ἐπ’
750 626 835 683 ἵππου
852 630 882 684 ἐκ

80 714 131 768 τοῦ
154 712 345 787 στρατοπέδου
368 717 418 772 τοῦ
442 713 555 789 Μήδων,
582 712 613 775 ὃς
634 710 708 772 ἄλλο
729 714 781 787 μὲν
804 711 882 771 οὐδὲν

79 802 259 878 παραγυμνοῖ
276 800 347 872 ἔπος,
368 800 543 881 στρατηγοιῖς
560 801 588 860 δέ
610 799 759 877 ὀνομάζων,
777 800 882 858 ἐθέλειν

79 885 156 964 φησῖ
168 890 196 948 ἐς
208 884 311 966 λόγους
325 889 425 948 ἐλθεῖν.
466 891 505 947 Οἱ
523 889 552 947 δέ
566 889 626 947 ἐπεὶ
643 890 733 947 ταῦτα
745 885 880 962 ἤκουσαν,
889 891 929 949 45

79 971 179 1031 αὐτίκα
205 974 316 1035 εἵποντο
341 979 369 1040 ἐς
389 977 439 1040 τὰς
463 976 601 1052 φυλακάς·
636 975 831 1052 α’πικομένοισι
852 975 881 1034 δέ

79 1059 159 1140 ἔλεγε
179 1060 362 1142 Ἀλέξανδρος
379 1065 454 1124 τάδε·
482 1063 603 1143 ’(ἇνδρες
620 1063 771 1138 Ἀθηναῖοι,
792 1091 880 1142 παρα-

79 1146 166 1224 θήκην
182 1149 247 1227 ιν’μῖν
264 1151 300 1211 τά
319 1152 386 1211 ἔπεα
403 1154 469 1213 τάδε
488 1153 607 1230 τίθεμαι,
626 1152 772 1230 ἀπόρρητα
787 1152 880 1211 ποιεό-

77 1261 159 1310 μενος
172 1237 243 1313 πρδς
256 1239 361 1315 μηδένα
374 1241 468 1322 λέγειν
477 1239 562 1316 ὖμέας
576 1239 666 1298 ἄλλον
676 1237 694 1313 ἢ
705 1239 880 1314 Παυσανίην,

77 1323 118 1398 μή
138 1350 174 1400 με
197 1327 243 1384 καὶ
267 1325 454 1409 διαφθείρητε·
482 1324 515 1385 οὔ
536 1326 591 1406 γάρ
612 1323 646 1384 ἂν
668 1326 774 1403 ἔλεγον,
796 1328 821 1382 εἰ
841 1325 888 1400 μή·

77 1410 205 1489 μεγάλως
225 1411 362 1489 ἐκηδόμην
380 1411 547 1486 συναπάσης
561 1415 612 1486 τῆς
630 1410 779 1472 Ἑλλάδος·
800 1409 882 1474 αθτός

77 1520 108 1553 τε
121 1497 176 1575 γὰρ
184 1496 297 1572 Ἕλλην
309 1499 389 1578 γένος
405 1500 461 1573 εἰμὶ
479 1497 625 1575 τώρχαῖον,
640 1497 686 1555 καὶ
701 1495 759 1556 (ἐντ’
773 1498 881 1558 ἐλευθέ-

76 1608 128 1658 ρης
141 1582 347 1660 δεδουλωμένην
357 1584 407 1644 οὐκ
420 1584 454 1645 ἂν
468 1586 593 1662 ἐθέλοιμι
606 1584 673 1662 ὁρᾶν
683 1584 734 1660 τήν
744 1584 880 1645 Ἐλλάδα·

77 1670 153 1750 λέγω
173 1670 203 1729 δέ
224 1669 269 1740 ὧν,
291 1669 335 1731 ὅτι
357 1672 505 1751 Μαρδονίῳ
526 1697 557 1733 τε
578 1673 625 1731 καὶ
645 1676 680 1750 τῇ
703 1676 823 1750 στρατιῇ
844 1672 880 1732 τά

78 1757 191 1839 σφάγια
205 1757 237 1817 οὗ
256 1757 368 1818 δύναται
387 1760 543 1836 καταθύμια
560 1760 702 1840 γενέσθω·
723 1759 813 1818 πάλαι
825 1759 880 1840 γάρ

78 1843 112 1905 ἂν
126 1845 277 1925 ἐμάχεσθε·
298 1850 347 1907 νῦν
360 1847 391 1907 δέ
411 1851 438 1907 οἱ
451 1847 576 1906 δέδοκται
588 1846 625 1906 τά
639 1849 690 1923 μὲν
707 1847 819 1928 σφάγια
832 1851 880 1915 ἐᾶν

78 1934 193 2011 χαίρειν,
217 1932 278 2010 ἅμα
305 1933 395 2012 ήμέρῃ
422 1935 452 1993 δέ
484 1934 699 2012 διαφαυσκοόση
727 1935 880 2010 συμβολήν

79 2021 233 2081 ποιέεσθαι·
262 2022 455 2099 καταρρώδηκε
474 2021 529 2102 γάρ
553 2021 592 2098 μή
616 2025 732 2082 πλεῦνες
757 2023 880 2098 συλλεχ-

78 2109 154 2184 θῆτε,
168 2107 203 2172 οῖς
217 2109 270 2190 ἐγῶ
281 2111 388 2182 εἰκάζω,
422 2110 493 2188 πρός
501 2113 588 2169 ταῦτα
602 2107 791 2184 ἑτοιμάζεσθε·
805 2105 839 2183 ἢν
849 2108 879 2167 δὲ

65 2195 132 2273 θρα
145 2197 339 2277 ὑπερβάληται
355 2198 408 2276 τήν
423 2197 578 2274 συμβολήν
599 2195 766 2272 Μαρδόνιος,
781 2195 827 2254 καὶ
839 2195 880 2273 μή

78 2289 197 2361 ποιῆται,
222 2287 369 2364 λιπαρέετε
387 2287 524 2364 μένοντες·
545 2284 648 2365 ὀλίγων
665 2282 719 2365 γάρ
739 2291 795 2359 σφι
813 2283 880 2361 ήμε·

77 2372 146 2448 ρέων
172 2375 299 2434 λείπεται
322 2376 406 2435 σιτία
450 2372 485 2450 ἦν
508 2373 538 2432 δὲ
560 2372 626 2450 θμῖν
650 2371 666 2432 ὁ
688 2371 813 2449 πόλεμος
834 2371 880 2432 ὅδε

78 2460 148 2518 κατά
162 2459 226 2520 νόον
244 2462 408 2540 τελευτήσῃ,
427 2462 590 2537 μνησθῆναί
603 2486 664 2519 τινα
681 2459 738 2538 χρή
755 2461 800 2518 καὶ
814 2463 879 2536 ἐμεῦ

79 2545 277 2622 ἐλευθερώσιος
296 2549 368 2624 πέρι,
383 2547 413 2610 ὃς
432 2547 576 2622 Ἑλλήνων
598 2548 687 2607 εἵνεκα
707 2546 777 2605 οὕτω
798 2546 878 2626 ἔργον

80 2631 247 2710 παράβολον
267 2634 407 2714 ἔργασμαι
425 2633 480 2693 ὑπό
506 2633 669 2711 προθυμίης,
691 2634 794 2695 ἐθέλων
813 2633 879 2710 ὖμῖν

60 2720 206 2796 ,δηλῶσαι
226 2721 277 2796 τήν
295 2720 417 2780 διάνοιαν
436 2720 488 2795 τήν
504 2721 673 2798 Μαρδονίου,
692 2722 737 2781 ἵνα
758 2722 798 2799 μή
820 2726 877 2781 ἐπι-

78 2809 188 2870 πέσωσι
207 2808 273 2887 ιῖμῖν
291 2810 318 2868 οῖ
333 2807 479 2915 βάρβαροι
498 2808 539 2884 μή
559 2808 813 2886 προσδεκομένοισί
831 2832 878 2865 κω.

79 2897 133 2972 εἰμὶ
160 2897 191 2956 δὲ
215 2894 440 3004 Ἀλέξανδρος
425 2922 440 2955 ο
467 2895 630 2957 Μακεδώνῖ
671 2895 687 2954 0‘
717 2897 769 2970 μὲν
791 2895 879 2951 ταῦτα

80 2984 157 3046 εἴπας
173 2982 354 3060 α’πήλαυνε’
338 2983 430 3044 οπίσω
448 2985 476 3084 ἐς
495 3009 529 3044 το
519 2980 739 3061 στρατοπεδον
759 2978 804 3037 καὶ
828 2977 878 3053 τήν

80 3074 180 3129 ἐωυτου
166 3070 281 3141 τάξιν.

121 3160 157 3214 Οἱ
170 3156 201 3214 δὲ
217 3160 374 3240 στρατηγοὶ
390 3162 448 3221 τῶν
462 3157 640 3234 Ἀθηναίων,
652 3149 815 3212 ελθωυτες
808 3171 860 3203 m
874 3145 965 3198 “Q

68 3242 161 3327 &flor
194 3269 287 3336 Κερας,
322 3249 430 3346 ἔλεγον
463 3244 634 3339 Παυσανίη
668 3237 768 3306 ταπὶυ
800 3253 862 3299 ΜΨ
843 3242 942 3292 ww
