2024 3450
142 108 190 155 ιιι
447 103 629 151 Ἦνοιοτου
850 91 948 166 [νΠῙζ

120 205 121 208 ’
141 189 217 245 τοῖσι
237 183 352 263 λόγοισι
372 180 407 243 τά
427 184 494 263 ἔργα
516 180 684 258 πειρώμενον
704 180 797 257 όμοῖα.
838 181 948 259 ταύτην

141 275 193 348 μὲν
208 270 259 346 τὴν
272 268 378 346 ἡμέρην
395 275 422 333 ἐς
439 273 561 330 τοσοῦτο
579 269 693 350 ἐγίνετο·
719 273 769 344 τῆς
788 268 817 327 δὲ
836 270 947 340 νυκτός,

144 359 327 420 κελεύσαντος
345 351 484 433 βασιλέος
496 357 546 421 τάς
559 360 627 433 νὴας
641 360 667 415 οἱ
680 355 834 437 στρατηγοὶ
848 362 880 416 ἐκ
893 362 948 418 τοιῖ

142 446 274 522 Φαλήρου
302 444 412 527 άπὴγον
432 445 523 505 ὀπίσω
536 449 572 508 Ιἐς
591 444 641 504 τόν
660 443 887 519 Ἑλλήσποντον,
909 445 948 510 ώς

145 533 240 613 τάχεος
255 533 313 613 εἶχε
327 535 452 608 ἕκαστος,
464 531 691 608 διαφυλαξούσας
701 530 751 594 τάς
764 530 881 610 σχεδίας
893 560 947 592 πο-

142 623 274 698 ρευθῆναι
292 622 422 698 βασιλέϊ.
457 622 517 680 ἐπεὶ
537 622 566 680 δέ
588 619 679 701 ἀγχοῦ
699 617 773 696 ἦσαν
793 624 948 697 Ζωστῆρος

141 710 282 773 πλώοντες
300 713 327 769 οἷ
343 708 497 786 βάρβαροι,
517 708 691 769 ἀνατείνουσι
707 706 762 788 γάρ
780 706 863 782 άκραι
877 713 946 767 λεπ·

141 799 187 856 ταὶ
207 801 257 874 τῆς
277 797 401 874 ἡπείρου,
422 795 524 859 ταύτας
545 795 640 865 ἔδοξάν
659 821 690 855 τε
710 798 778 870 νῆας
798 793 875 868 εἶναι,
898 799 948 859 καὶ

143 885 261 965 ἔφευγον
281 885 326 944 ἐπὶ
339 883 459 944 πολλόν·
480 883 571 964 χρόνῳ
585 883 614 942 δέ
627 881 764 960 μαθόντες
777 880 820 942 ὅτι
834 880 868 941 ού
881 887 948 960 νῆες

143 972 196 1032 εἶεν
207 971 271 1030 ἀλλ’
286 972 376 1048 ἄκραι,
391 972 594 1050 συλλεχθέντες
607 971 775 1047 ἐκομίζοντο.

96 1061 153 1118 108
195 1058 243 1121 Ὡς
257 1059 286 1117 δέ
299 1058 389 1135 ἡμέρη
403 1059 520 1138 ἐγένετο,
535 1059 659 1135 ὁρέοντες
672 1061 699 1118 οἷ
713 1058 852 1133 Έλληνες
873 1058 947 1119 κατά

144 1145 239 1224 χώρην
256 1145 376 1222 μένοντα
392 1145 442 1207 τόν
455 1145 578 1223 στρατόν
595 1146 644 1206 τόν
657 1146 750 1217 πεζόν,
763 1144 884 1222 ἤλπιζον
898 1148 947 1207 καὶ

141 1232 191 1297 τάς
204 1237 273 1310 νῆας
287 1232 429 1310 εἶναιπερὶ
439 1232 580 1312 Φάληρον·
595 1233 704 1295 ἐδόκεόν
713 1259 743 1294 τε
752 1234 947 1313 ναυμαχήσειν
1003 1272 1006 1277 <

143 1322 243 1398 σφέας,
265 1321 454 1399 παραρτέοντό
476 1347 508 1383 τε
531 1321 567 1385 ώς
590 1320 802 1399 ἀλεξησόμενοι·
832 1323 892 1381 ἐπεὶ
915 1323 947 1382 δὲ

143 1410 278 1470 ἐπύθοντο
299 1410 349 1473 τάς
371 1415 439 1486 νῆας
463 1410 615 1488 οἰχωκυίας,
637 1409 735 1468 αὐτίκα
761 1409 831 1485 μετά
856 1414 945 1470 ταῦτα

144 1488 235 1557 ἐδόκεε
253 1497 413 1558 ἐπιδιώκειν·
434 1496 484 1558 τόν
499 1498 550 1574 μέν
561 1502 616 1557 ’νυν
633 1497 761 1557 ναυτικόν
773 1495 823 1555 τόν
836 1497 946 1573 Ξέρξεω

145 1584 267 1661 στρατόν
282 1583 332 1644 οὐκ
347 1585 455 1644 ἐπεῖδον
473 1585 617 1654 διώξαντες
632 1585 715 1663 μέχρι
728 1582 857 1659 Ἀνδρου,
875 1589 902 1647 ἐς
916 1585 947 1644 δὲ

143 1670 319 1749 τὴνἋνδρον
330 1671 494 1750 α’πικόμενοι
504 1670 698 1747 ἐβουλεύοντο.
736 1673 947 1748 Θεμιστοκλέης

146 1760 198 1834 μέν
212 1784 260 1819 νυν
272 1759 384 1840 γνώμην
398 1759 584 1830 ἀπεδείκνυτο,
595 1758 640 1818 διά
651 1758 744 1834 νήσων
756 1757 948 1835 τραπομένους

145 1844 190 1903 καὶ
215 1845 410 1915 ἐπιδιώξαντας
430 1845 480 1910 τάς
501 1845 694 1922 νὴαςπλώειν
722 1847 798 1909 ίθέως
824 1847 869 1904 ἐπὶ
896 1846 948 1906 τόν

146 1931 370 2008 Ἑλλήσποντον,
387 1933 527 1998 λύσοντας
544 1934 594 1998 τάς
611 1933 745 2016 γεφύρας·
768 1933 948 2010 Εὐρυβιάδης

163 2022 175 2078 ἐ
191 2020 243 2095 τὴν
262 2023 386 2100 ἐναντίην
403 2022 490 2101 ταύτῃ
503 2022 617 2103 γνώμην
630 2022 742 2094 ἐτίθετο,
758 2020 856 2099 λέγων,
873 2020 909 2084 ὦς
922 2027 948 2083 εἰ

145 2106 269 2169 λύσουσι
294 2108 345 2173 τάς
372 2109 493 2188 σχεδίας,
515 2109 589 2170 τοῦτ’
616 2107 650 2168 ἂν
676 2110 811 2189 μέγιστον
837 2107 948 2169 πάντων

145 2197 333 2271 σφεῗςκακόν
349 2197 401 2271 πὴν
415 2196 541 2256 Ἑλλάδα
561 2196 736 2277 ἐργάσαιντο·
759 2200 782 2254 εἰ
795 2195 850 2275 γάρ
863 2194 949 2278 άναγ-

146 2283 264 2359 κασθείη
271 2282 470 2360 ἀπολαμφθεὶς
480 2283 495 2342 ὁ
507 2284 622 2360 Πέρσης
629 2285 721 2360 μένειν
732 2288 760 2343 ἐν
769 2286 805 2361 τῇ
815 2281 947 2362 Εύρώπῃ,

148 2374 266 2447 πειρῷτο
286 2368 321 2430 ἂν
343 2369 464 2448 ἡσυχίην
485 2370 525 2447 μὴ
548 2368 634 2451 άγειν·
667 2371 702 2435 ώς
724 2371 819 2451 άγοντι
841 2372 895 2447 μέν
922 2377 949 2432 οἱ

146 2455 284 2539 ἡσυχίην,
303 2454 366 2516 οὔτε
392 2482 420 2515 τι
446 2459 616 2536 προχωρέειν
643 2458 701 2519 οἷόν
728 2485 758 2518 τε
786 2460 866 2520 ἐσται
893 2465 958 2519 τῶν.

145 2543 323 2623 πρηγμάτων,
343 2543 406 2604 ούτε
428 2571 470 2607 τις
492 2545 591 2622 κομιδὴ
613 2545 646 2606 τό
668 2546 759 2607 ὀπίσω
781 2546 949 2622 φανήσεται,

146 2635 220 2709 λιμῷ
247 2632 279 2693 τέ
301 2635 328 2692 οἶ
347 2632 367 2708 ἡ
388 2632 507 2710 στρατιὴ
529 2634 736 2712 διαφθαρέεται·
765 2636 950 2712 ἐπιχειρέοντι

147 2718 181 2776 δέ·
197 2717 269 2797 αὐτῷ
291 2720 337 2778 καὶ
364 2721 445 2802 ἔργον
468 2724 598 2801 ἐχομένῳ,
620 2722 712 2781 πάντα
734 2720 771 2782 τά
797 2721 867 2780 κατά
895 2723 951 2798 τὴν

146 2805 283 2883 Εύρώπην
297 2808 342 2868 οἶά
354 2835 385 2869 τε
398 2809 478 2869 ἔσται
496 2813 701 2888 προσχωρῆσαι
719 2808 789 2869 κατά
802 2808 906 2872 πόλιάς
919 2837 952 2871 τε

147 2896 193 2954 καὶ
211 2895 281 2955 κατά
298 2897 385 2966 ἔθνεα,
398 2895 461 2972 ἤτοι
479 2895 670 2974 άλισκομένων
684 2922 717 2978 γε
735 2895 754 2973 ἢ
772 2896 826 2973 πρό
848 2897 952 2958 τούτου

132 2981 362 3067 ομολογευντων·
386 2983 500 3066 τροφήν
520 3010 552 3046 τε
569 2984 640 3055 ἕξειν
659 2985 752 3059 σφέας
762 2984 810 3042 τόν
826 2984 951 3045 ἐπέτειον

115 3073 177 3130 alec*
193 3081 257 3138 τῶν
276 3075 435 3159 Ἑλλήνων
452 3074 578 3156 καρπόν·
601 3069 684 3132 ἀλλὰ
696 3069 801 3130 δοκέειν
819 3065 877 3144 γὲν
891 3093 970 3137 vm}-

100 3155 194 3220 fflc'yfa
220 3172 263 3248 τῇ
283 3170 446 3252 ναυμαχίῃ
469 3167 509 3230 οὗ
533 3163 646 3246 μενέειν
670 3162 701 3218 ἒν
723 3158 762 3232 Til
779 3147 911 3225 ffipdm&
935 3149 990 3248 ,τὸν

83 3241 236 3322 Πεθσειι·
259 3265 377 3324 ἐατέον
399 3260 424 3322 ιέ
426 3289 443 3324 ν
464 3256 548 3321 εἶναι
568 3250 697 3334 φεύγειν
719 3248 747 3307 ἐς
765 3238 784 3298 δ
800 3235 877 3308 ’ἔλθη
891 3236 1008 3302 φεύγω
