2024 3450
84 103 224 170 ιιι-ιιι]
392 107 580 159 nmonn.
830 109 878 158 τις

81 189 136 244 τῶν
155 185 251 247 ἄλλων
269 189 324 248 τῶν
340 189 520 264 περιοικίδων·
533 187 580 245 καὶ
596 187 630 262 δὴ
645 189 692 248 καλ
709 190 739 248 ἐκ
756 187 879 264 Καρδίης

81 275 181 339 πόλιος
197 274 346 352 Οἰόβαζος,
363 273 433 351 άνήρ
448 277 571 352 Πέρσης,
585 273 664 339 ὃςτὰ
677 281 707 335 ἐκ
722 264 777 336 τῶν
792 283 878 357 γεφυ-

80 365 149 442 ρέων
168 363 245 423 ὅπλα
266 364 383 422 ἐνθαῦτα
398 360 434 437 ἦν
451 360 611 437 κεκομικιός·
636 362 711 440 είχον
729 359 759 421 δὲ
775 363 878 440 ταύτην

80 450 224 531 ἐπιχώριοι
239 450 362 517 Αἰολέες,
379 452 508 523 συνῆσαν
526 448 555 506 δέ
572 448 684 524 Πέρσαι
704 475 736 508 τε
757 450 803 508 καὶ
823 456 877 511 τῶν
935 474 936 478 ’

80 538 176 598 ἄλλων
191 536 348 615 συμμάχων
366 536 470 615 συχνός
486 536 594 612 ὅμιλος.
633 534 811 611 Ἐτυράννευε
828 537 858 596 δὲ
868 541 923 598 116

80 625 178 684 τούτου
191 628 241 683 τοῦ
260 627 346 698 νομοῦ
359 624 467 699 Ξέρξεω
480 622 605 700 ὕπαρχος
616 621 793 698 Ἀρταύκτης,
808 622 877 701 άνήρ

79 714 131 787 μὲν
145 712 268 786 Πέρσης,
283 709 370 772 δεινός
387 710 416 768 δὲ
435 710 482 767 καὶ
494 708 666 771 ἀτάσθαλος·
688 708 719 771 ὃς
731 710 778 767 καὶ
789 712 874 785 βασι-

79 799 133 856 λέα
161 797 311 857 ἐλαύνοντα
335 795 376 854 ἐπ’
402 795 523 870 Ἀθήνας
546 796 712 872 ἐξηπάτησε,
735 797 771 856 τά
798 804 877 873 Πρω-

77 885 198 944 τεσίλεω
216 887 266 943 τοῦ
279 883 408 960 Ἰφίκλου
420 883 553 962 χρήματα
569 883 600 953 ἐξ
614 883 792 947 Ἐλαιοῦντος
810 884 877 960 ύφε-

79 970 208 1047 λόμενος·
236 975 265 1030 ἐν
285 971 340 1050 γοίρ
361 970 519 1032 Ἐλαιοῦντι
534 976 584 1048 τῆς
606 972 791 1049 Χερσονήσου
813 973 875 1034 ἐστὶ

80 1059 266 1136 Πρωτεσίλεω
282 1059 372 1136 τάφος
387 1086 418 1120 τε
436 1060 482 1119 καὶ
496 1061 609 1138 τέμενος
625 1062 689 1140 περὶ
704 1062 795 1136 αὐτόν,
810 1064 875 1123 ἔνθα

78 1145 113 1222 ἦν
124 1147 256 1226 χρήματα
267 1149 373 1220 πολλά,
384 1150 431 1209 καὶ
441 1148 544 1224 φιάλαι
553 1151 671 1229 χρύσεαι
680 1153 725 1210 καὶ
734 1150 874 1232 άργύρεαι,

77 1237 124 1294 καὶ
143 1236 259 1316 χαλκός,
281 1237 327 1296 καὶ
353 1236 448 1314 ἐσθὴς,
470 1238 516 1296 καὶ
540 1237 617 1296 ἄλλα
638 1237 811 1313 ἀναθήματα,
836 1238 873 1297 τά

76 1323 245 1402 Ἀρταύκτης
272 1324 404 1401 ἐσύλησε,
425 1326 564 1402 βασιλέος
591 1325 696 1386 δόντος·
729 1325 819 1404 λέγων
844 1324 875 1391 δὲ

75 1413 170 1472 τοιάδε
184 1413 289 1490 Ξέρξεα
304 1412 464 1489 διεβάλετο·
485 1423 502 1448 “
512 1413 644 1483 δέσποτα,
663 1411 724 1470 ἔστι
742 1410 816 1473 οἶκος
829 1411 874 1470 άν-

76 1496 290 1576 δρὸςἜλληνος
302 1501 429 1571 ἐνθαῦτα,
443 1501 473 1562 ὃς
486 1500 599 1578 ἐπὶγῆν
611 1498 662 1572 τήν
676 1498 731 1573 σην
744 1523 874 1574 στρατευ-

76 1585 206 1662 σάμενος,
220 1587 296 1662 δίκης
309 1587 431 1664 κυρήσας
441 1586 571 1646 ἀπέθανε·
592 1586 691 1654 τούτου
703 1611 753 1662 μοι
767 1585 814 1648 δός
826 1586 875 1646 τόν

77 1673 161 1743 οἶκον,
184 1674 228 1733 ἶνα
248 1675 297 1732 καί
311 1699 353 1736 τις
369 1675 447 1753 μάθῃ
466 1675 511 1734 ἐπὶ
527 1679 581 1752 γῆν
596 1674 648 1749 τήν
664 1673 721 1750 σην
735 1673 775 1750 μη
789 1699 873 1750 στρα-

76 1760 232 1822 τεύεσθαι·”
246 1765 334 1821 ταῦτα
345 1764 444 1843 λέγων,
459 1761 590 1825 εύπετέως
603 1764 705 1839 ἔμελλε
714 1761 876 1822 α’ναπείσειν

77 1848 182 1923 Ξέρξεα
194 1849 289 1909 δοῦναι
300 1847 400 1926 άνδρός
413 1850 497 1921 οἶκον,
511 1850 589 1910 οὐδὲν
600 1850 874 1928 ύποτοπηθέντατῶν

77 1939 179 1999 ἐκεῖνος
193 1936 316 2013 ἐφρόνεε
334 1939 379 1996 ἐπὶ
391 1941 446 2018 γῆν
459 1939 489 1998 δὲ
498 1939 550 2014 τήν
559 1940 698 2014 βασιλέος
708 1937 875 2015 στρατεύεσ-

77 2024 125 2082 θαι
145 2026 347 2101 Πρωτεσίλεων
367 2026 455 2106 ἐλεγε,
473 2026 556 2085 νοέων
575 2024 677 2084 τοιάδε·
703 2023 755 2098 τὴν
774 2024 875 2098 Ἀσίην

76 2115 173 2171 πᾶσαν
189 2115 333 2190 νομίζουσι
351 2116 456 2172 ἑωυτῶν
472 2113 542 2173 εἶναι
558 2113 678 2189 Πέρσαι,
694 2111 739 2168 καὶ
754 2114 804 2169 τοῦ
821 2111 874 2168 αἰεὶ

75 2199 288 2276 βασιλεύοντος·
310 2201 370 2260 ἐπεὶ
385 2200 415 2259 δὲ
433 2201 514 2278 ἐδόθη
532 2200 567 2260 τοὶ
585 2198 725 2276 χρήματα,
740 2199 771 2268 ἐξ
782 2197 875 2256 Ἐλαι·

75 2292 171 2353 οΰντος
185 2295 212 2353 ἐς
226 2289 339 2366 Σηστόν
353 2288 515 2365 ἐξεφόρησε,
531 2288 576 2346 καὶ
589 2287 621 2347 τό
634 2287 746 2362 τέμενος
764 2287 875 2365 ἔσπειρε

75 2377 121 2435 καὶ
139 2378 260 2455 ἐνέμετο·
281 2376 366 2440 αύτός
381 2402 412 2436 τε
431 2375 499 2438 ὅκως
517 2373 645 2434 ἀπίκοιτο
659 2380 687 2438 ἐς
699 2373 873 2445 Ἐλαιοῦντα,

75 2469 104 2523 ἐν
116 2469 155 2542 τῷ
167 2464 258 2543 ἀδύτῳ
269 2464 379 2544 γυναιξὶ
393 2463 535 2543 ἐμίσγετο.
568 2462 632 2523 τότε
643 2463 672 2522 δὲ
681 2463 874 2541 ἐπολιορκέετο

75 2550 130 2610 ύπδ
142 2549 303 2624 Ἀθηναίων,
318 2548 382 2610 ούτε
394 2552 657 2626 παρεσκευασμένος
670 2555 698 2614 ἐς
710 2551 874 2628 πολιορκίην
910 2599 914 2609 .

76 2634 140 2696 ούτε
160 2635 383 2712 προσδεκόμενος
404 2637 469 2699 τούς
484 2635 637 2712 Ἕλληνας·
668 2638 821 2720 ἀφυλάκτῳ
845 2637 876 2696 δέ

77 2749 128 2787 κως
138 2723 211 2802 αύτῷ
218 2723 366 2782 ἐπέπεσον.
395 2722 476 2782 Ἐπεὶ
485 2725 515 2783 δέ
528 2728 792 2804 πολιορκεομένοισί
799 2731 855 2800 σφι
865 2722 921 2786 117

76 2805 254 2888 φθινόπωρον
274 2809 424 2891 ἐπεγίνετο,
447 2813 492 2870 καὶ
512 2811 663 2892 ἤσχαλλον
684 2816 711 2873 οἱ
732 2813 875 2886 Ἀθηναῖοι

75 2898 131 2959 α’πό
147 2925 179 2960 τε
196 2903 247 2975 τῆς
265 2901 369 2958 ἑωυτῶν
387 2896 589 2974 άποδημέοντες
610 2903 655 2960 καὶ
676 2901 709 2960 ού
731 2897 874 2970 δυνάμενοι

76 2985 181 3054 ἐξελεῖν
200 2987 233 3047 τό
254 2990 354 3065 τεῖχος,
374 2985 482 3046 ἐδέοντό
502 3013 533 3061 τε
553 2993 608 3047 τῶν
623 2986 788 3062 στρατηγῶν
805 2980 874 3042 ὅκως

76 3071 210 3154 άπόγοιέν
231 3080 323 3150 σφεας
341 3073 442 3145 ὀπίσω,
464 3078 493 3135 οἱ
513 3075 546 3135 δὲ
567 3074 619 3134 οιίκ
637 3075 764 3147 ἐφαααυ,
775 3065 891 3142 πδυιδς

72 3160 190 3227 ἐξέλωσι
202 3159 221 3238 ἢ
232 3162 268 3223 τό
280 3160 440 3242 Ἀθηναίων
455 3164 552 3228 κοινόν
564 3167 666 3238 σφεας
676 3154 815 3235 υῑῖπῖλλ
874 3171 919 3246 (λῖ

60 3245 135 3304 ούτω
147 3246 185 3324 δή
195 3248 338 3334 ἔστεργον
351 3254 391 3316 τὰ
406 3255 576 3336 παρεόντα.
621 3244 699 3308 ὒλδ
720 3247 756 3302 ἓν
769 3243 818 3316 τδρ
828 3222 968 3308 τέῳ-ὓ)
