2024 3450
74 106 215 170 101-104]
379 105 567 155 ΚΑΔΛῙΟΠΗ.
828 105 874 150 329

74 191 200 246 ἔλασσον
214 185 339 264 εἶχοντῇ
355 182 443 262 μάχη·
465 184 525 242 ε’πεὶ
542 183 571 241 δὲ
586 185 642 241 τῶν
655 180 810 258 Ἀθηναίων
828 181 874 239 καὶ

72 278 128 334 τῶν
154 274 326 381 προσεχέων
343 272 359 330 ὁ
387 271 516 346 στρατός,
541 268 610 332 ὅκως
633 272 737 329 ἑωυτῶν
762 270 876 351 γένηται

73 361 105 420 τό
123 363 204 442 ἔργον
220 362 266 419 καὶ
286 385 326 436 μη
318 358 575 434 Λακεδαιμονίων,
592 358 876 434 παρακελευσάμενοι,

74 449 156 528 ἔργου
170 449 278 526 εἴχοντο
292 445 508 522 προθυμότερον,
520 444 644 502 ε’νθευτεν
657 442 733 517 ἤδη
723 449 875 520 ετεροιοΰτο
936 491 937 494 ,

72 535 106 594 τό
127 539 254 614 πρῆγμα·
276 533 491 609 διωσάμενοι
455 558 509 612 γαρ
529 529 565 589 τά
582 531 669 610 γέρρα
688 527 772 598 οὗτοι,
793 531 875 606 φερό-

73 647 153 697 μενοι
170 622 308 680 ε’σέπεσον
328 619 441 681 άλέες’
429 645 456 681 ες
475 644 540 680 τους
561 618 685 692 Πέρσας·
708 642 734 674 οι
725 616 780 674 ’δὲ
800 616 875 685 δεξά-

72 733 160 784 μενοι,
176 708 222 766 καὶ
235 707 338 786 χρόνον
351 705 455 784 συχνόν
471 704 647 782 ἀμυνόμεναι,
661 704 742 766 τέλος
759 705 877 784 ἔφευγον

74 800 103 857 ές
115 795 149 854 τό
162 799 264 872 τεῖχος·
284 793 429 869 Ἀθηναῖοι
445 793 474 852 δὲ
493 793 539 851 καὶ
558 791 702 867 Κορίνθιοι
716 792 761 850 καὶ
775 791 876 864 Σικυῶ-

74 907 128 941 νιοι
147 883 193 939 καὶ
212 881 376 958 Τροιζήνιοι,
396 880 479 963 (οὕτω
496 880 552 962 γάρ
568 879 643 955 ἦσαν
661 879 760 956 ἐπεξῆς
780 906 876 961 τεταγ·

74 968 174 1048 μένοι,)
196 969 433 1046 συνεπισπόμενοι
453 969 659 1030 συνεσέπιπτον
680 974 708 1034 ἐς
723 970 756 1029 τό
774 973 876 1047 τεῖχος·

76 1056 112 1117 ῶς
132 1056 162 1115 δὲ
183 1056 228 1115 καὶ
247 1057 280 1117 τό
300 1060 392 1137 τεῖχος
411 1057 554 1169 οἷραίρητο,
572 1056 628 1118 οὔτ’
643 1058 682 1117 ἔτι
699 1058 782 1169 πρός
785 1057 877 1134 ἀλκήν

75 1141 227 1220 ε’τρόποντο
248 1149 274 1206 οἱ
293 1146 440 1224 βάρβαροι
459 1147 529 1224 πρός
550 1146 644 1227 φυγάν
661 1172 692 1206 τε
712 1146 832 1224 ὁρμέατο
849 1151 876 1206 οἱ

73 1230 159 1292 ἄλλοι
178 1233 255 1310 πλὴν
276 1235 418 1311 Περσέων·
440 1233 517 1295 οὗτοι
537 1235 566 1294 δὲ
591 1233 649 1294 κατ’
669 1234 783 1313 ὀλίγους
801 1234 879 1312 γινόω

72 1347 159 1396 μενοι,
174 1321 313 1401 ἐμάχοντο
329 1325 406 1381 τοῖσι
422 1323 475 1379 αἰεὶ
495 1327 523 1384 ἐς
542 1321 575 1379 τό
595 1324 687 1397 τεῖχος
705 1319 875 1378 ἐσπίπτουσι

72 1408 227 1482 Ἑλλήνων.
269 1409 314 1465 καὶ
332 1412 386 1467 τῶν
405 1410 570 1486 στρατηγῶν
588 1410 643 1464 τῶν
661 1410 809 1482 Περσικῶν
826 1405 875 1465 δύο

73 1498 125 1570 μὲν
138 1493 341 1574 ἀποφεύγουσι,
356 1492 405 1551 δύο
418 1493 448 1551 δὲ
460 1497 622 1552 τελευτῶσι·
642 1491 810 1568 Ἀρταΰντης
822 1496 874 1568 μὲν

74 1582 120 1640 καὶ
132 1579 298 1657 Ἰθαμίτρης,
309 1584 360 1639 τοῦ
373 1583 501 1639 ναυτικοῦ
515 1580 740 1659 στρατηγέοντες,
752 1579 874 1655 ἀποφεύ-

73 1695 167 1750 γουσι·
208 1668 374 1744 Μαρδόντης
395 1668 424 1727 δὲ
442 1669 488 1726 καὶ
508 1666 524 1726 ό
544 1671 595 1727 τοῦ
614 1669 698 1737 πεζοῦ
714 1668 873 1748 στρατηγός

74 1755 209 1836 Τιγράνης
218 1756 374 1834 μαχόμενοι
384 1758 542 1814 τελευτῶσι
574 1753 637 1813 ΙΈτι
648 1755 678 1814 δὲ
686 1756 852 1834 μαχομένων
864 1759 921 1817 103

73 1849 128 1904 τῶν
154 1844 287 1919 Περσέων
314 1842 447 1902 αἰπίκοντο
467 1841 681 1919 Λακεδαιμόνιοι
701 1844 746 1902 καὶ
767 1847 793 1903 οἱ
812 1843 872 1921 μετ’

73 1930 171 2000 αὐτῶν,
186 1930 231 1988 καὶ
244 1932 279 1988 τά
295 1930 383 1989 λοιπά
402 1929 623 2007 συνδιεχείριζον.
667 1930 768 1991 ἔπεσον
784 1932 872 1990 δὲκαὶ

73 2018 162 2077 αὐτῶν
178 2021 233 2077 τῶν
249 2016 394 2092 Ἑλλήνων
414 2017 515 2095 συχνοὶ
535 2017 653 2076 ἐνθαῦτα
672 2017 757 2075 ἄλλοι
776 2044 807 2076 τε
827 2019 873 2076 καὶ

75 2104 225 2176 Σικυώνιοι,
241 2107 286 2165 καὶ
300 2104 458 2186 στρατηγός
468 2105 618 2181 Περιλεως.
651 2107 706 2163 τῶν
719 2104 749 2163 δὲ
762 2105 873 2181 Σαμίων

73 2195 99 2252 οἱ
120 2193 344 2272 στρατευόμενοι,
366 2192 456 2256 ε’όντες
475 2218 506 2253 τε
526 2197 556 2251 ἐν
575 2195 613 2270 τῷ
633 2193 776 2269 στρατοπέ
792 2221 813 2272 ῳ
832 2196 871 2273 τῷ

73 2281 188 2361 Μηδικῷ
201 2283 248 2342 καὶ
261 2283 481 2362 ἀπαραιρημένοι
494 2281 530 2341 τό
543 2278 628 2351 ὅπλα,
640 2279 674 2343 ῶς
689 2279 761 2342 εἶδον
775 2281 872 2342 αότίκα

73 2369 131 2428 κατ’
151 2369 240 2450 όρχάς
259 2372 409 2453 ,γινομένην
429 2371 578 2448 ἑτεραλκέα
598 2367 650 2444 την
669 2369 772 2450 μάχην,
794 2372 873 2448 ἔρδον

72 2453 142 2515 ὅσον
161 2456 303 2532 ἠδυνέατο,
317 2461 529 2536 προσωφελέειν
549 2458 692 2522 ἐθέλοντες
711 2461 788 2519 τοῖσι
803 2459 872 2519 Ἕλ-

71 2547 151 2617 λησι·
173 2544 295 2619 Σαμίους
313 2546 342 2602 δὲ
360 2546 462 2608 ἰδόντες
482 2549 508 2605 οἱ
524 2544 610 2604 ἄλλοι
622 2543 716 2611 Ἴωνες
729 2545 872 2623 ἄρξαντας,
921 2566 922 2570 ’

72 2629 143 2689 οὕτω
154 2629 187 2705 δη
200 2630 245 2687 καὶ
256 2629 335 2689 αὐτοὶ
344 2629 517 2694 ἀποστάντες
531 2633 586 2692 ἀπό
598 2636 731 2710 Περσέων
742 2635 871 2695 ἐπέθεντο

70 2722 147 2778 τοῖσι
170 2716 358 2795 βαρβάροισι.
400 2719 572 2794 Μιλησίοισι
594 2721 624 2780 δὲ
644 2725 918 2800 προσετέτακτοῙΟ4

70 2811 123 2884 μὲν
150 2810 205 2868 τῶν
232 2807 367 2883 Περσέων
393 2804 442 2869 τάς
469 2806 575 2871 διόδους
605 2814 706 2886 τηρεῖν,
735 2811 873 2886 σωτηρίης

71 2895 161 2955 εἵνεκά
174 2901 241 2971 σφι·
263 2893 306 2964 ῶς,
320 2893 355 2970 ἢν
367 2892 421 2972 άρα
435 2896 527 2970 σφέας
541 2897 747 2974 καταλαμβάνῃ
761 2896 806 2955 οἶά
819 2922 872 2973 περ

71 2983 220 3060 κατέλαβε,
243 2984 352 3062 ἔχοντες
369 2981 507 3064 ἡγεμόνας
523 2983 665 3055 σώζωνται
680 2989 708 3046 ἐς
724 2983 773 3045 τοὶς
793 3009 871 3060 κορυ-

71 3068 176 3145 φάς
140 3096 191 3146 της
204 3071 349 3147 Μυκάλης·
372 3070 582 3181 ἐτάχθησαν
544 3096 597 3148 μεν
610 3096 658 3131 νυν
677 3071 723 3128 ἐπὶ
737 3074 821 3130 τοῦτο
835 3098 873 3130 το

70 3160 188 3262 πρῆγμα
204 3162 231 3217 οἱ
251 3158 404 3235 Μιλήσιοι,
417 3186 520 3221 τουτου
541 3187 575 3219 τε
595 3182 701 3218 εινειεευ
720 3180 773 3213 και
782 3156 844 3210 ινα
859 3176 907 3222 για

62 3243 213 3321 παρεόντες
226 3251 257 3306 ἐν
269 3273 310 3328 τῳ
295 3251 519 3331 στρατοπέδω
537 3275 570 3308 τι
584 3267 718 3324 νεογηλου
732 3238 877 3298 ποίεοιευ
901 3251 937 3282 0⁸·
