2024 3450
168 115 216 167 170
459 108 642 160 ἀοοοοτου
888 109 964 171 [ιιι.

167 199 250 264 νειοῦ,
272 191 318 250 καὶ
337 190 497 258 Ἀπιδανοῦ,
518 190 564 248 καὶ
583 186 749 268 Ὀνοχώνου,
768 189 814 247 καὶ
832 187 966 259 Ἐνιπέος,

167 281 214 338 καὶ
227 280 370 356 Παμίσου,
385 281 412 338 οἱ
424 280 476 354 μέν
492 304 539 337 νυν
555 283 582 340 ἐς
598 277 631 338 τό
650 277 745 336 πεδίον
762 280 846 337 τοῦτο
863 282 966 337 συλλε-

168 366 282 448 γόμενοι
295 372 325 425 ἐκ
338 371 393 426 τῶν
406 365 507 443 οὐρέων
522 369 577 426 τῶν
593 364 808 441 περικληῖάντων
825 363 877 439 την
894 373 966 425 Θεσ-

169 456 273 529 σαλίην
290 452 513 532 οὐνομαζόμενοι,
530 452 563 512 δι’
581 453 639 515 ἓνύς
657 453 788 522 αὐλῶνος,
804 454 849 510 καὶ
867 453 967 512 τούτου

169 546 286 612 στεινοῦ,
301 543 397 619 ἔκροον
410 544 507 621 ἔχουσι
520 546 548 604 ἐς
561 541 721 610 θάλασσαν,
735 542 965 619 προσυμμίσγον-

167 655 212 693 τες
224 630 257 690 τδ
275 629 346 706 ὕδωρ
359 629 499 693 πάντεςές
510 626 610 688 τῶυτό·
632 628 715 687 ε’πεάν
746 630 757 686 ὲ
771 629 966 706 συμμιχθέωσι

167 716 298 797 τάχιστα,
312 720 437 779 ἐνθεῦτεν
449 716 503 792 ἤδη
517 716 533 775 ά
546 716 665 792 Πηνειὸς
677 719 716 794 τῷ
732 714 863 791 οὐνόματι
884 741 965 773 κατα-

168 815 295 888 κρατέων,
310 813 465 889 ἀνωνύμους
477 810 540 873 τοῦς
553 809 658 873 ἄλλους
672 810 741 870 εἶναι
755 810 847 869 ποιέει.
890 810 922 869 τό
937 811 966 870 δὲ

167 899 290 959 παλαιόν
312 901 432 980 λέγεται,
456 897 506 958 οὐκ
528 897 621 961 ε’όντος
642 924 680 956 κω
701 902 750 957 τοῦ
773 897 896 962 αὐλῶνος
920 902 966 958 καὶ

169 987 293 1063 διεκρόου
313 987 420 1056 τούτου,
441 986 505 1050 τοῦς
525 987 667 1063 ποταμοῦς
686 987 808 1056 τούτους,
830 987 875 1044 καὶ
897 987 966 1063 πρίς

167 1079 243 1134 τοῖσι
257 1079 410 1151 ποταμοῖσι
422 1074 548 1134 τούτοισι
561 1073 613 1150 τὴν
626 1075 766 1150 Βοιβηίδα
779 1076 888 1150 λίμνην,
903 1074 966 1134 οῦτε

168 1160 372 1238 οὐνομάζεσθαι
390 1163 511 1239 κατάπερ
529 1166 578 1222 νῦν
595 1162 667 1240 ῥέειν
685 1188 716 1222 τε
739 1157 816 1222 οὐδὲν
836 1159 930 1237 ἧσσον
947 1161 966 1238 ἦ

167 1253 228 1309 νῦν·
260 1250 372 1325 ῥέοντας
399 1252 428 1310 δὲ
459 1252 562 1309 ποιέειν
595 1249 648 1325 την
678 1251 841 1325 Θεσσαλίην
870 1255 967 1310 πᾶσαν

166 1337 302 1419 πέλαγος·
325 1339 404 1398 αὐτοὶ
416 1340 467 1415 μέν
480 1365 527 1398 νυν
540 1340 690 1398 Θεσσαλοί
701 1346 775 1414 φασι
788 1338 966 1396 Ποσειδέωνα

166 1429 286 1502 ποιῆσαι
305 1426 355 1487 τὸν
375 1426 486 1486 αὐλῶνα
506 1425 539 1484 δι’
561 1424 592 1485 οὗ
611 1427 666 1503 ῥέει
685 1426 700 1485 ὁ
721 1426 849 1502 Πηνειός,
871 1426 965 1485 οἰκότα

167 1515 311 1594 λέγοντες·
339 1515 417 1578 ὅστις
437 1516 493 1596 γάρ
514 1516 619 1591 νομίζει
640 1514 819 1574 Ποσειδέωνα
841 1513 892 1587 τὴν
912 1519 965 1592 γῆν

168 1601 261 1672 σείειν,
287 1603 333 1662 καὶ
358 1604 394 1662 τά
422 1603 570 1662 διεστεῶτα
596 1602 651 1662 ὐπὸ
677 1605 799 1678 σεισμοῦ
825 1605 875 1660 τοῦ
901 1602 965 1660 θεοῦ

167 1687 267 1748 τούτου
286 1691 352 1770 ἔργα
369 1691 445 1763 εἶναι,
462 1691 507 1749 καὶ
528 1688 562 1749 ἂν
583 1695 669 1749 ε’κεῖνο
691 1690 754 1749 ἶδῶν
774 1690 845 1766 φαίη
862 1695 965 1747 Ποσει·

168 1776 253 1835 δέωνα
274 1782 406 1852 ποιῆσαι·
435 1780 495 1837 ἔστι
516 1777 571 1858 γάρ
594 1782 715 1854 σεισμοῦ
736 1778 824 1858 ἔργον,
848 1778 882 1840 ῶς
905 1779 965 1853 ἐμοὶ

122 1865 178 1921 130
189 1865 319 1938 ἐφαίνετο
347 1865 424 1933 εἶναι,
444 1864 463 1940 ἦ
484 1864 632 1928 διάστασις
652 1870 706 1925 τῶν
727 1864 851 1944 οὐρέων)
880 1869 916 1924 Οἱ
937 1866 966 1924 δὲ

168 1950 373 2030 κατηγεόμενοι,
388 1953 529 2029 εἰρομένου
542 1953 650 2029 Ξέρξεω
664 1957 687 2011 εἶ
705 1953 766 2012 ἔστι
784 1951 861 2026 άλλη
874 1954 966 2019 ἔξοδος

168 2042 196 2100 ές
218 2038 371 2100 θάλασσαν
391 2044 429 2118 τῷ
450 2045 568 2118 Πηνειῷ,
593 2038 803 2115 ἐξεπιστάμενοι
824 2037 964 2111 α’τρεκέως,

167 2125 259 2188 εἶπον·
288 2139 305 2165 “
313 2130 446 2205 βασιλεῦ,
473 2132 589 2206 ποταμηΑ
615 2126 702 2205 τούτῳ
729 2125 778 2184 οὐκ
806 2126 866 2183 ἔστι
889 2122 966 2200 άλλη

168 2214 300 2289 ἐξήλυσις
320 2220 347 2278 ἐς
368 2214 520 2275 θάλασσαν
541 2212 708 2289 κατήκουσα,
728 2211 793 2270 ἀλλ’
813 2211 862 2286 ἥδε
882 2211 965 2288 αὐτή·

168 2299 263 2376 οὐρεσι
293 2302 349 2381 γάρ
384 2300 639 2376 περιεστεφάνωται
673 2305 754 2359 πᾶσα
785 2301 966 2375 Θεσσαλίη·”

168 2386 273 2463 Ξέρξεα
300 2388 330 2446 δὲ
359 2388 473 2468 λέγεται
502 2391 587 2447 εἰπεῖν
616 2388 686 2464 πρός
716 2390 815 2448 ταῦτα·
851 2398 868 2423 “
878 2392 966 2463 σοφοὶ

166 2473 262 2551 ἅνδρες
276 2476 331 2533 εἰσὶ
344 2475 495 2534 Θεσσαλοί
499 2502 505 2515 ·
526 2474 602 2536 ταῦτ’
620 2476 674 2554 άρα
694 2475 749 2554 πρδ
769 2479 881 2537 πολλοῦ
902 2482 966 2553 ε’φυ-

167 2560 290 2632 λάξαντο
310 2564 559 2643 γνωσιμαχέοντες,
577 2565 622 2623 καὶ
639 2563 734 2624 τᾶλλα
752 2565 798 2624 καὶ
816 2565 859 2626 ὅτι
874 2565 967 2645 χώρην

166 2648 221 2726 άρα
242 2650 317 2728 εἶχον
338 2648 477 2727 εὐαίρετόν
496 2678 527 2712 τε
548 2653 593 2711 καὶ
612 2653 817 2732 ταχυάλωτον.”
844 2655 892 2714 τόν
912 2654 967 2733 γάρ

167 2737 296 2814 ποταμόν
311 2741 429 2820 πρῆγμα
450 2738 484 2801 ἂν
504 2739 539 2814 ἦν
558 2746 661 2818 μοῦνον
682 2745 788 2802 ε’πεῖναί
806 2749 902 2818 σφεων
923 2743 968 2797 ἐπὶ

167 2824 219 2902 τήν
237 2824 340 2906 χῶρην,
360 2827 470 2907 χώματι
492 2833 522 2887 ἐκ
544 2833 594 2888 τοῦ
616 2831 739 2894 αὐλῶνος
761 2829 967 2905 ἐκβιβάσαντα,

166 2915 214 2973 καὶ
227 2916 443 2994 παρατρέψαντα
456 2916 489 2975 δι’
503 2914 540 2977 ῶν
554 2922 602 2996 νῦν
612 2917 667 2994 ῥέει
677 2908 802 2993 ῥεέθρων·
817 2914 889 2975 ὥστε
897 2922 969 2973 Θεσ-

152 3003 266 3078 σαλίην
280 3008 383 3066 πᾶσαν
399 3004 451 3077 ἔξω
468 3008 525 3066 τῶν
543 3003 642 3083 οὐρέων
658 3003 809 3082 ῦπόβρυχα
826 3003 969 3083 γενέσθαι.

137 3091 234 3148 ταῦτα
251 3092 284 3152 δέ
297 3094 407 3176 ἔχοντα
431 3098 516 3182 ἔλεγε
533 3100 561 3163 ἔς
581 3093 649 3159 τοῦς
665 3090 793 3154 ’λλεῦεω
803 3089 986 3166 παῖδαςλῖιτι

122 3177 245 3245 ''²⁰⁰3'OE
268 3180 442 3266 Ἑλλήνων,
458 3189 561 3257 ε’όντες
574 3183 745 3260 Θεσσαλοὶ,
761 3178 871 3240 »ἓδοσαν
884 3173 1005 3233 {wok

102 3253 274 3350 βασιλέι)
298 3275 421 3345 δοκέων
442 3281 461 3346 ι
487 3281 611 3364 ιαμ,
632 3275 698 3341 affe>
719 3267 832 3336 ποτε
853 3268 953 3336 σου
972 3280 1007 3311 υ
