2024 3450
75 107 215 172 161-164]
405 105 589 155 ΠΟΛΤΜΝῙΑ.
828 106 874 158 187

75 189 110 252 ὦς
132 195 161 249 ἐν
179 192 218 268 τῷ
238 191 349 266 ἐνιαυτῷ
370 188 432 246 ἐστὶ
450 186 484 245 τό
506 187 553 262 ἔαρ
570 185 764 261 δοκιμώτατον,
778 189 828 261 τῆς
845 185 875 244 δέ

74 281 129 337 τῶν
145 277 289 352 Ἑλλήνων
307 278 440 351 στρατιῆς
458 272 510 349 τὴν
529 277 628 332 ἑωυτοῦ
647 272 790 350 στρατιήν·
812 299 874 333 στε-

74 366 242 441 ρισκομένην
260 363 297 424 ὦν
312 362 363 438 την
383 361 510 420 Ἑλλάδα
531 364 580 434 τῆς
598 365 697 420 ἑωυτοῦ
714 366 876 440 συμμαχίης

75 453 172 523 εἴκαζε,
184 452 219 514 ὦς
230 457 253 510 εί
262 450 295 510 τδ
307 451 354 526 ἐαρ
366 455 395 507 ἐκ
405 453 455 508 τοῦ
467 450 590 507 ἐνιαυτοῦ
601 448 813 524 ἐξαραιρημένον
824 450 875 525 εἴη.

116 544 153 599 Οἱ
173 542 225 617 μὲν
247 539 280 615 δη
302 542 356 597 τῶν
376 534 522 611 Ἑλλήνων
544 534 660 615 ἄγγελοι
677 539 801 594 τοσαῦτα
818 539 923 613 τῷ163

75 629 180 687 Γέλωνι
200 624 442 705 χρηματισάμενοι
463 623 613 682 ἀπέπλεον·
640 624 735 682 Γέλων
756 622 786 682 δέ
806 622 876 699 πρός

74 719 171 783 ταῦτα,
186 715 280 774 δείσας
292 715 345 790 μὲν
358 712 420 788 περὶ
432 716 509 771 τοῖσι
524 712 653 787 Ἕλλησι
666 711 706 787 μή
720 710 752 769 οὐ
766 710 876 770 δονέων·

74 826 121 860 ται
138 800 188 860 τὸν
205 800 357 877 βάρβαρον
372 799 595 881 ὑπερβαλέσθαι,
609 799 698 859 δεινὸν
711 799 741 857 δέ
760 799 806 859 καὶ
826 798 875 858 οὐκ

75 888 231 968 α’νασχετὸν
262 887 450 965 ποιησάμενος
480 887 569 947 ε’λθολν
598 892 626 950 ἐς
655 885 876 963 Πελοπόννησον

75 974 242 1087 ἄρχεσθαι(
225 1003 280 1036 υπο
272 976 564 1052 Λακεδαιμονίων’
530 1002 581 1036 εων
596 976 724 1053 Σικελίης
736 974 874 1053 τύραννος,

74 1063 176 1141 ταύτην
195 1067 247 1141 μὲν
266 1063 320 1171 την
337 1062 402 1124 ὁδδν
422 1061 592 1141 η’μέλησε,ά
612 1063 642 1123 δέ
664 1063 800 1140 άλλης”
775 1090 875 1143 ειχετο·

74 1151 136 1211 ἐπεί
150 1179 181 1212 τε
194 1180 250 1262 γαρ
267 1152 389 1231 τάχιστα
408 1151 571 1212 ἐπυθετο
539 1179 589 1213 τον
607 1153 724 1240 Πέρσην
740 1153 875 1229 διαβεβη-

74 1239 141 1298 κότα
168 1267 218 1301 πον
247 1240 470 1347 Ἐλλησποντον,
502 1241 606 1316 πέμπει
634 1241 876 1316 πεντηκοντέροισι

73 1353 150 1403 τρισι
139 1328 325 1405 Κάδμον
293 1353 343 1387 τον
357 1327 475 1407 Σκύθεω,
490 1327 575 1404 ανδρα
589 1331 706 1406 Κῷον,’
694 1354 721 1390 ες
734 1326 876 1402 Δελφους,

74 1417 174 1492 ἔχοντα
192 1414 323 1493 χρήματα
344 1414 440 1471 πολλά
462 1415 508 1471 καὶ
529 1414 641 1487 φιλίους
661 1413 771 1495 λόγους,
794 1439 876 1491 καρα·

74 1501 231 1576 δοκήσοντα
256 1502 308 1576 τὴν
330 1500 425 1607 μάχην
447 1497 467 1577 ᾗ
489 1501 628 1560 πεσέεται·
661 1502 706 1558 καὶ
728 1499 762 1576 ἢν
785 1503 836 1576 μὲν
863 1515 880 1573 ὀ

74 1587 223 1664 βάρβαρος
249 1592 319 1666 νικᾷ,
340 1586 376 1646 τά
398 1612 429 1645 τε
451 1612 583 1695 χρηματα
605 1587 678 1666 αὐτῷ
700 1587 804 1646 διδόναι
830 1589 876 1646 καὶ

74 1699 129 1752 γην
154 1700 185 1733 τε
213 1676 258 1733 καὶ
285 1675 357 1751 ὕδωρ
382 1679 436 1733 τῶν
460 1672 539 1753 ἄρχει
565 1701 581 1735 ο
608 1673 757 1735 Γέλων·
740 1701 774 1751 ην
796 1675 875 1734 δέ
850 1701 876 1735 οι

70 1760 246 1837 ε”Ελληνες,
231 1764 322 1822 οπίσω
336 1761 509 1843 ἀπάγειν.

114 1849 148 1908 Ο
176 1850 206 1908 δὲ
233 1848 403 1961 Κάδμρς’
372 1876 460 1919 ουτος,
483 1849 622 1960 πρότερον
641 1852 744 1912 τούτων
766 1877 855 1930 παρα·
865 1852 923 1910 164

75 1936 222 2014 δεξάμενος
246 1939 323 2018 παρα
352 1937 456 2014 πατρὸς
482 1964 533 2014 την
559 1941 705 2016 τυραννίδα
733 1940 820 2019 Κείων
845 1937 876 1999 εὖ

74 2027 263 2101 βεβηκυῖαν,
251 2026 318 2086 εκάν
331 2052 363 2087 τε
376 2026 446 2086 εἶναι
459 2052 504 2085 και
494 2025 632 2086 δεινου’
620 2027 744 2091 επιόντος
758 1999 875 2097 άυδενδς,

74 2111 92 2170 α’
134 2113 152 2172 οὶ
172 2113 228 2174 οἷπδ
249 2114 432 2190 δικαιοσύνης,
454 2118 482 2177 ἐς
500 2114 591 2191 μέσον
615 2115 722 2195 Κῴοισι
749 2112 876 2176 καταθεὶς

73 2200 125 2275 τήν
145 2201 242 2281 α’ρχην,
264 2203 357 2282 οἴχετο
380 2208 407 2265 ἐς
430 2203 568 2279 Σικελίην·
590 2203 655 2264 ἐνθα
672 2201 744 2279 μετά
765 2202 876 2279 Σαμίων

75 2289 142 2368 ἔσχε
154 2316 185 2349 τε
202 2291 247 2349 καὶ
268 2292 418 2367 κατοίκησε
437 2289 533 2352 πάλιν
543 2290 673 2372 Ζάγκλην
688 2291 739 2367 τήν
756 2295 783 2353 ἐς
796 2296 875 2350 Μεσ-

75 2377 164 2452 σήνην
176 2376 400 2455 μεταβαλοῦσαν
410 2378 443 2438 τά
458 2368 571 2455 οθνομα.

114 2469 220 2525 Τοῦτον
240 2467 273 2542 δη
295 2466 331 2526 ὦν
351 2466 367 2525 ά
388 2468 483 2527 Γέλων
503 2467 552 2527 τᾶν
569 2467 686 2543 Κάδμον
701 2468 747 2525 καὶ
760 2467 875 2546 τοιούτῳ

74 2551 167 2631 τρόπῳ
193 2552 368 2629 ἀπικόμενον,
390 2554 435 2612 διά
461 2553 638 2630 δικαιοσύνην
662 2553 714 2630 τήν
741 2557 767 2613 οἱ
794 2553 876 2617 αὐτάς

74 2636 167 2714 άλλην
181 2639 295 2718 συνῄδεε
308 2645 418 2710 ἐοῦσαν,
432 2642 547 2717 ἔπεμπε·
567 2640 598 2704 δς
611 2642 656 2700 ἐπὶ
669 2645 745 2701 τοῖσι
758 2641 876 2701 ἄλλοισι

75 2726 207 2787 δικαίοισι
219 2732 295 2787 τοῖσι
312 2728 343 2796 ἐξ
356 2732 455 2789 ἑωυτοῦ
471 2730 677 2809 ἐργασμένοισι,
692 2730 737 2789 καὶ
749 2730 813 2803 τάδε
826 2728 876 2788 οὐκ

75 2813 227 2894 ἐλάχιστον
243 2815 347 2876 τούτων
364 2817 501 2875 ἐλείπετο·
522 2816 663 2893 κρατήσας
675 2817 731 2897 γάρ
745 2816 875 2897 μεγάλων

74 2903 224 2981 χρημάτων
243 2907 298 2963 τῶν
319 2907 346 2963 οί
366 2904 461 2964 Γέλων
481 2903 659 3014 ἐπετράπετρ,
673 2904 778 2980 παρεόν
794 2928 875 2961 κατα-

75 2990 260 3069 σχέσθαι,’
229 3017 278 3050 ουκ
299 2992 426 3067 ἐθέλησε,
448 2991 547 3050 ἀλλ”
535 2993 595 3050 επεὶ
615 2995 642 3050 οἱ
656 2991 828 3099 Ἕλληνες
815 3015 873 3048 επε·

75 3103 217 3154 '‘mma''
243 3083 278 3157 Τθ
305 3105 452 3158 ιἀυμίῑχίῖμ
477 3105 523 3137 και
546 3079 700 3154 Ξέρξης
675 3102 794 3179 αιχωεεε
814 3102 884 3130 απε-

72 3164 188 3236 λαύνων,
202 3192 250 3225 και
240 3167 364 3245 δη
319 3194 367 3228 και
383 3171 491 3232 ἐκεῖνος
507 3191 632 3226 απικετα
650 3189 681 3224 ες
695 3184 750 3234 mv
764 3154 912 3218 {ww

63 3250 123 3313 α’πδ
134 3252 232 3316 πάντα
243 3282 280 3318 τα
294 3256 441 3340 χρήματα
455 3257 552 3337 ἄγων
