2024 3450
85 106 194 170 ιε-,ιιη
428 106 541 156 nmo.
854 105 885 151 89

126 185 281 263 Κλεομένεΐ
300 185 356 267 γοῖρ
375 186 568 264 μαντευομένῳ
589 189 618 245 ἐν
642 186 787 259 Δελφοῖσι
806 182 932 261 ἐχρή-’Ῑό

80 272 258 354 Ισθη”Αργος
275 272 412 350 αἱρήσειν.
454 272 516 331 ἐπεί
530 298 561 332 τε
578 270 607 331 δὲ
621 271 798 348 Σπαρτιήτας
811 270 885 351 ἄγων

84 359 199 422 ἀπίκετο
213 362 259 421 ἐπὶ
276 360 405 437 ποταμόν
417 359 574 438 Ἐρασῖνον,
590 359 620 423 ὃς
636 361 748 440 λέγεται
764 361 835 435 ῥέειν
854 365 884 425 ἐκ

83 452 134 525 Τἧς
142 449 327 526 Στυμφηλίης
335 450 445 527 λίμνης·
461 447 524 526 (τήν
531 449 585 530 γθρ
594 449 627 522 δή
637 449 739 522 λίμνην
747 446 849 530 ταύτην
857 453 884 510 ἐς

83 536 184 615 χάσμα
201 535 306 612 ἀφανὲς
329 536 492 596 ἐκδιδοῦσαν
507 535 713 612 ἀναφαίνεσθαι
732 538 760 592 ἐν
776 532 883 615 Ἀργεϊ,

82 622 116 684 τό
144 625 269 686 ἐνθεῦτεν
293 625 323 683 δὲ
348 624 382 684 τό
403 624 474 701 ὕδωρ
498 623 551 700 ήδη
573 627 657 684 τοῦτο
683 620 729 680 ὑπ’
752 620 883 703 Ἀργείων

82 710 232 788 Ἐρασῖνον
243 712 416 789 καλέεσθαι)
431 711 597 788 ἀπικόμενος
611 710 635 770 δ’
648 707 685 770 ὦν
695 708 711 769 ό
723 710 884 786 Κλεομένης

83 792 130 851 ἐπὶ
149 792 199 852 τόν
219 791 348 868 ποταμόν
363 795 463 852 τοῦτον
480 794 667 874 ἐσφαγιάζετο
684 789 764 869 αὐτῷ,
786 791 832 848 καὶ
852 790 885 848 οὔ

82 878 138 960 γιῖρ
153 879 277 955 οὐδαμοῖς
290 881 448 956 ἐκαλλιέρεε
461 881 615 957 διαβαίνειν
628 907 684 957 μιν,
698 877 822 958 ἄγασθαι
831 881 884 955 μὲν

83 968 138 1043 ἔφη
159 971 209 1028 τοΰ
229 966 379 1045 Ἐρασίνου
400 967 433 1027 οὐ
453 969 632 1045 προδιδόντος
651 967 715 1030 τούς
738 965 883 1044 πολιήτας,

83 1049 224 1137 Ἀργείους
243 1058 339 1134 μέντοι
360 1055 416 1116 οὐδ’
435 1056 470 1119 οῖς
484 1058 641 1136 χαιρήσειν·
661 1056 733 1134 μετα
750 1057 779 1115 δὲ
796 1061 883 1116 ταῦτα

79 1145 304 1224 ἐξαναχωρήσας,
324 1142 376 1219 τήν
397 1146 532 1220 στρατιήν
554 1144 694 1227 κατήγαγε
716 1150 743 1207 ἐς
765 1147 882 1221 Θυρέην·

82 1234 317 1313 σφαγιασάμενος
343 1232 373 1291 δέ
399 1236 435 1310 τῇ
463 1233 599 1310 θαλάσση
620 1237 731 1308 ταῦρον,
752 1233 883 1291 πλοίοισί

82 1325 174 1395 σφεας
188 1320 277 1401 ἤγαγε
301 1322 327 1382 ἔς
342 1345 373 1378 τε
394 1319 446 1393 τήν
467 1321 612 1396 Τιρυνθίην
631 1318 725 1396 χώρην
742 1319 787 1376 καὶ
807 1325 882 1377 Ναυ·

81 1409 178 1482 πλίην.
225 1407 348 1486 Ἀργεῖοι
370 1404 393 1463 δ’
408 1405 545 1479 ἐβοήθεον
566 1405 769 1480 πυνθανόμενοι
795 1409 929 1466 ταῦτα’ίῖ

83 1494 128 1548 ἐπὶ
142 1492 303 1551 θάλασσαν·
334 1491 369 1553 οῖς
382 1491 411 1548 δὲ
424 1489 514 1568 ἅγχοῦ
526 1494 578 1565 μὲν
592 1492 714 1569 ἐγίνοντο
727 1494 777 1564 τῆς
790 1492 882 1567 Τίρυν-

84 1578 132 1638 θος
152 1577 233 1654 χοίρῳ
260 1577 289 1634 δέ
313 1581 342 1634 ἐν
361 1574 450 1651 τούτῳ
469 1580 507 1654 τῷ
528 1578 618 1634 κέεται
639 1574 747 1650 Σήπεια
770 1576 882 1654 οὔνομα,

82 1662 296 1741 μεταίχμιονού
309 1662 383 1743 μέγα
396 1660 581 1726 ἀπολιπόντες
595 1663 685 1733 ἵζοντο
703 1662 791 1722 α’ντίοι
808 1669 883 1724 τοῖσι

40 1823 44 1830 Ι
82 1751 339 1827 Λακεδαιμονίοισι.
370 1750 487 1808 ἐνθαῦτα
501 1750 535 1826 δή
550 1754 576 1810 οῖ
589 1750 712 1831 Ἀργεῖοι
725 1752 776 1826 τήν
789 1755 840 1828 μὲν
854 1757 883 1811 ἐκ

78 1843 132 1899 ,τοῦ
151 1842 274 1916 φανεροῦ
291 1837 387 1915 μόχην
406 1836 455 1896 οὐκ
475 1840 638 1915 ἐφοβέοντο,
658 1837 734 1898 ἀλλά
750 1840 790 1916 μή
810 1839 882 1922 δόλῳ

70 1920 238 2004 αἱρεθέωσι·
260 1929 306 1985 καὶ
319 1925 374 2007 γαρ
388 1925 423 2001 δή
436 1933 491 2002 σφι
511 1933 538 1990 ἐς
550 1931 633 1986 τοῦτο
647 1925 679 1986 τό
694 1933 810 2008 πρῆγμα
824 1929 882 2009 εἶχε

80 2017 113 2075 τό
127 2015 301 2094 χρηστήριον
313 2015 346 2076 τό
361 2017 485 2075 ἐπίκοινα
498 2016 601 2093 ἔχρησε
618 2014 637 2092 ή
651 2017 744 2091 Πυθίη
757 2016 885 2078 τούτοισί

81 2129 110 2161 τε
125 2106 171 2163 καὶ
184 2105 365 2181 Μιλησίοισι,
379 2106 464 2185 λέγον
478 2102 538 2162 ὧδε·

175 2216 243 2266 Ἀλλ’
261 2218 320 2265 ὅταν
336 2220 351 2276 ή
370 2218 455 2276 θήλεια
472 2218 513 2264 τὸν
531 2217 620 2279 ἄρσενα
638 2217 756 2275 νικήσασα

179 2290 290 2350 ἐξελάσῃ,
310 2291 350 2336 καὶ
367 2291 435 2338 κῦδος
452 2290 476 2336 ἐν
493 2288 638 2351 Ἀργείοισιν
654 2288 748 2350 ἄρηται,

178 2362 273 2408 πολλὰς
289 2360 403 2421 Ἀργείων
420 2361 585 2420 ἀμφιδρυφέας
601 2360 657 2407 τότε
675 2363 750 2419 θήσει·

179 2432 210 2480 ὤς
227 2433 289 2479 ποτέ
305 2449 341 2480 τις
358 2433 417 2493 ἐρέει
435 2433 474 2478 καὶ
492 2433 658 2489 ἐπεσσομένων
675 2433 812 2494 ἀνθρώπων,

178 2503 250 2551 δεινὸς
266 2503 319 2561 ὄφις
336 2505 467 2564 τριέλικτος
485 2503 597 2550 ἀπώλετο
614 2505 677 2565 δουρὶ
694 2507 829 2563 δαμασθείς.

80 2615 175 2671 Ταῦτα
189 2611 222 2687 δή
236 2610 327 2671 πάντα
341 2614 513 2673 συνελθόντα
526 2619 602 2674 τοῖσι
615 2613 770 2696 Ἀργείοισι
784 2617 880 2695 φόβον

81 2702 207 2778 παρεῖχε·
249 2699 295 2757 καὶ
316 2699 350 2775 δή
368 2707 424 2776 σφι
440 2701 511 2777 πρός
526 2706 614 2761 ταῦτα
631 2703 706 2773 ἔδοξε
724 2709 763 2784 τῷ
783 2705 881 2782 κήρυκι

83 2791 133 2846 τῶν
149 2788 291 2864 πολεμίων
307 2789 442 2866 χρᾶσθαι·
468 2788 551 2858 δόξαν
567 2789 599 2849 δέ
615 2797 679 2866 σφι,
697 2797 804 2852 ἐποίευν
824 2820 880 2852 τοι·

79 2874 150 2933 όνδε·
182 2874 252 2938 ὅκως
278 2874 293 2935 ό
321 2875 498 2953 Σπαρτιήτης
515 2877 616 2957 κήμυξ
637 2882 826 2956 προσημαίνοι
851 2907 880 2941 τι

79 2962 332 3040 Λακεδαιμονίοισι,
344 2965 453 3022 ἐποίευν
463 2965 508 3022 καὶ
520 2967 546 3023 οἱ
556 2963 678 3045 Ἀργεῖοι
687 2967 775 3024 τώυτὸ
786 2970 878 3025 τοῦτο.

80 3051 186 3110 Μαθὼν
207 3051 237 3110 δὲ
259 3049 275 3110 ό
297 3050 463 3130 Κλεομένης
487 3055 641 3115 ποιεῖντας
661 3051 731 3112 τοὶς
743 3051 752 3069 ’
765 3049 957 3123 mimz&

71 3135 168 3197 ὁκοῖόν
184 3138 247 3200 τιό
265 3141 413 3222 σφέτερος
434 3141 525 3223 κήρυξ
543 3139 702 3220 σημήνειε,
720 3127 938 3222 ΜΨἫΝΫ

60 3228 119 3296 ‘⁷5²5‘
142 3223 215 3286 ὅταν
238 3231 365 3314 σημήνῃ
390 3233 409 3294 ὁ
434 3233 530 3312 κήρυξ
550 3219 970 3295 ποιέεσθαιῖληλῦῖὒνιωί
