2024 3450
129 109 177 156 ιιι-ι
438 101 619 150 Ἧνοιιουοτ
863 103 932 168 [1x.
951 121 956 129 ·

132 190 182 263 μὲν
199 191 227 248 ἐς
243 181 353 261 ἅμαξαν
371 181 499 243 ἐσθέντες
514 180 563 240 τόν
581 180 678 257 νεκρόν
694 180 773 259 παρὰ
789 181 841 246 τοὶς
853 185 934 256 τάξις

131 273 265 348 ἐκόμιζον·
288 269 304 330 ό
317 270 347 329 δέ
360 268 456 345 νεκρός
465 267 500 344 ἦν
515 268 578 344 θέης
591 267 675 339 ἄξιος,
688 269 827 349 μεγάθεος
840 273 936 333 εἵνεκα

131 361 175 418 καὶ
190 359 318 421 κάλλεος·
339 363 394 417 τῶν
407 357 437 415 δέ
450 356 540 417 εἵνεκα
554 357 600 414 καὶ
612 360 699 415 ταῦτα
710 357 829 418 ἐποίευν·
843 363 935 421 ἐκλεί-

130 473 229 511 ποντες
248 447 298 509 τάς
321 446 397 515 τάξις
421 444 548 520 ἐφοίτεον
568 443 735 521 θεησόμενοι
755 448 935 509 Μασίστιον·

130 535 201 612 μετά
222 535 261 606 δὲ,
280 534 361 604 ’ἔδοξέ
381 539 437 609 σφι
459 533 662 607 ἐπικαταβῆναι
683 537 711 595 ἐς
729 535 890 599 Πλαταιάς·
918 531 935 597 ό

131 624 185 703 γάρ
203 628 293 704 χῶρος
312 622 441 699 ἐφαίνετο
459 624 558 697 πολλῷ
576 620 626 678 ἐάν
644 620 857 698 ἐπιτηδειότερός
876 633 936 702 σφι

127 710 435 790 ,ἐνστρατοπεδεύεσθαι
455 709 471 768 ό
492 706 663 770 Πλαταιῖκδς
687 712 737 767 τοῦ
757 708 935 787 Ἐρυθραίου,

132 801 168 860 τά
180 827 210 861 τε
222 800 309 870 ἅλλα,
320 799 365 859 καὶ
380 796 563 874 εύϋδρότερος·
578 800 606 858 ἐς
618 799 718 856 τοῦτον
728 796 762 872 δή
773 797 822 857 τόν
832 803 935 877 χῶρον,

134 890 179 947 καὶ
197 890 243 947 ἐπὶ
263 888 315 964 τήν
331 886 433 964 κρήνην
450 885 502 961 τήν
516 885 681 964 Γαργαφίην
694 884 746 960 τήν
760 890 788 944 ἐν
802 891 841 965 τῷ
853 887 936 968 χώρῳ

132 976 220 1054 τούτῳ
234 979 345 1043 ἐοῦσαν,
361 974 437 1042 ἔδοξέ
455 979 511 1048 σφι
522 973 606 1051 χρεόν
625 972 694 1033 εἶναι
708 971 868 1047 άτικέσθαι,
888 977 936 1034 καὶ

133 1063 331 1140 διαταχθέντας
349 1061 631 1137 στρατοπεδεύεσθαι·
652 1059 844 1136 ἀναλαβόντες
859 1062 890 1121 δέ
900 1063 936 1123 τά

65 1154 67 1158 ⁴
134 1148 218 1220 ὅπλα,
232 1149 318 1225 ἤϊσαν
332 1148 377 1208 διά
389 1151 440 1224 τῆς
452 1147 587 1224 ύτωρείης
604 1153 654 1208 τοῦ
668 1149 841 1225 Κιθαιρῶνος
856 1152 936 1227 παρά

133 1237 231 1301 Ὑσιάς
250 1243 277 1301 ἐς
293 1237 345 1313 τήν
364 1237 523 1296 Πλαταιΐδα
540 1240 602 1317 γῆν,
621 1235 785 1313 άπικόμενοι
801 1236 832 1295 δέ
852 1237 935 1298 ἐτάσ-

134 1353 220 1388 σοντο
231 1327 301 1387 κατά
315 1328 394 1387 ἔθνεα
407 1325 532 1402 πλησίον
537 1329 592 1400 τῆς
603 1350 634 1384 τε
648 1323 749 1402 κρήνης
761 1328 811 1401 τῆς
825 1331 936 1406 Γαργα-

135 1418 202 1491 φίης
216 1417 261 1476 καὶ
274 1419 324 1477 τοῦ
341 1422 468 1492 τεμένεος
483 1417 533 1474 τοῦ
545 1412 761 1490 Ἀνδροκράτεος
772 1416 824 1472 τοῦ
836 1412 936 1490 ἥρωος,

138 1504 183 1563 διά
197 1504 288 1583 ὄχθων
300 1531 330 1565 τε
345 1503 395 1562 ούκ
408 1502 524 1581 ὑψηλῶν
538 1501 584 1561 καὶ
598 1500 700 1560 ἀπέδου
713 1502 825 1579 χωρίου.

86 1594 125 1651 26
175 1592 313 1653 Ἐνθαῦτοι
335 1597 364 1652 ἐν
385 1596 421 1670 τῇ
443 1589 550 1659 διατάξι
577 1590 684 1668 ἐγένετο
705 1589 798 1669 λόγων
824 1590 937 1656 πολλάς

139 1680 262 1757 ὠθισμός
275 1680 431 1760 Τεγεητέων
443 1703 474 1737 τε
492 1677 538 1736 καὶ
549 1676 711 1753 Ἀθηναίων·
733 1677 867 1737 ἐδικαίευν
879 1679 936 1758 γάρ

137 1768 215 1828 αὐτοὶ
233 1767 357 1845 ἑκάτεροι
375 1768 447 1845 ἔχειν
462 1765 495 1825 τό
514 1764 607 1842 ἕτερον
625 1766 713 1842 κέρας,
727 1765 774 1823 καὶ
789 1764 870 1824 καινά
889 1767 937 1825 καὶ

137 1854 244 1913 παλαιοὶ
257 1854 467 1930 παραφέροντες
484 1855 560 1933 ἔργα.
601 1857 684 1913 τοῦτο
696 1855 749 1929 μὲν
761 1856 788 1911 οἱ
801 1857 937 1933 Τεγεῆται

137 1944 234 2023 ἔλεγον
247 1941 322 2002 τάδε·
343 1952 361 1976 “
369 1940 449 2018 ἡμεῖς
462 1942 517 2000 αἰεί
528 1967 592 2001 κοτε
611 1939 759 2018 ἀξιεύμεθα
771 1940 874 2016 ταύτης
886 1947 937 2018 τῆς

136 2031 228 2102 τάξιος
247 2036 276 2091 ἐκ
294 2034 348 2092 τῶν
367 2029 522 2108 συμμάχων
540 2027 677 2099 ἁπάντων,
695 2026 762 2087 ὅσαι
774 2026 827 2104 ἤδη
846 2029 937 2098 ἔξοδοι

137 2121 225 2181 κοιναὶ
236 2121 361 2201 ἐγένοντο
377 2117 636 2194 Πελοποννησίοισι
649 2116 741 2175 καὶτὰ
754 2117 877 2177 παλαιόν
891 2119 937 2176 καὶ

136 2209 169 2267 τό
188 2209 256 2279 νέον,
272 2208 302 2275 ἐξ
320 2206 424 2265 ἐκείνου
441 2210 491 2265 τοῦ
509 2205 612 2283 χρόνου
629 2205 691 2263 ἐπεί
706 2231 737 2264 τε
755 2203 938 2281 Ἡρακλεῖδαι

137 2298 283 2369 ἐπειρῶντο
301 2292 372 2368 μετά
390 2290 440 2351 τόν
453 2290 613 2368 Εὐρυσθέος
627 2291 746 2352 θάνατον
757 2291 896 2356 κατιόντες
911 2299 939 2357 ἐς

137 2379 364 2454 Πελοπόννησον.
407 2377 473 2438 τότε
491 2377 628 2456 εὑρόμεθα
647 2378 796 2440 τοῦτοδιὰ
818 2384 938 2461 πρῆγμα

136 2465 252 2528 τοιόνδε·
282 2466 341 2525 ἐπεὶ
362 2465 433 2543 μετά
454 2465 577 2544 Ἀχαιῶν
599 2468 646 2528 καὶ
665 2467 764 2529 ’Ῑιύνων
790 2470 845 2528 τῶν
871 2467 938 2528 τότε

137 2553 235 2616 ἐόντων
248 2559 277 2615 ἐν
291 2553 511 2633 Πελοποννήσῳ,
526 2556 752 2632 ἐκβοηθήσαντες
763 2560 790 2619 ἐς
802 2554 852 2616 τόν
861 2552 939 2617 Ἰσθ-

137 2643 191 2719 μδν
207 2641 322 2722 ἱζόμεθα
343 2643 430 2704 άντίοι
451 2646 527 2703 τοῖσι
551 2648 688 2703 κατιοῦσι·
709 2642 772 2703 τότε
794 2641 831 2702 ὧν
851 2641 940 2725 λόγος

133 2730 241 2791 Ὕλλον
255 2730 473 2813 άγορεύσασθαι,
488 2730 524 2794 ὦς
535 2731 619 2811 χρεόν
633 2732 674 2805 εἴη
687 2729 737 2790 τόν
750 2732 802 2807 μὲν
815 2730 940 2808 στρατόν

136 2823 175 2898 τῷ
194 2824 305 2900 στρατῷ
322 2820 362 2897 μή
379 2820 594 2880 ἀνακινδυνεύειν
615 2818 833 2896 συμβάλλοντα·
860 2822 890 2877 ἐκ
903 2819 941 2879 ,δὲ

139 2913 188 2968 τοῦ
198 2911 430 2984 Πελοποννησίου
439 2907 639 2984 στρατοπέδου,
643 2907 692 2965 τόν
700 2904 734 2966 ἂν
742 2906 840 2981 σφέων
848 2905 941 2968 αύτιέν

138 2998 255 3073 κρίνωσι·
267 2997 335 3056 εἴναι
354 2995 471 3072 άριστον
490 2992 590 3055 τοῦτόν
615 2997 643 3053 οἱ
660 2997 879 3074 μουνομαχῆσαι
893 2997 941 3055 ἐπὶ

135 3083 343 3163 διακειμένοισι.
360 3081 438 3153 ἐδοξέ
445 3105 477 3141 τε
486 3085 562 3142 τοῖσι
576 3082 838 3158 Πελοποννησίοισι
851 3085 941 3142 ταῦτα

124 3172 195 3233 εἶναι
211 3176 341 3253 ποιητέα,
358 3173 406 3235 καὶ
419 3173 525 3253 ἔταμον
539 3170 621 3251 ὅρκια
635 3170 681 3229 ἐπὶ
692 3169 770 3247 λόγω
780 3168 884 3242 τοιιῖγδε·
905 3167 940 3241 ἢν

110 3263 165 3332 μὲν
192 3263 309 3334 Ὕλλος
338 3265 450 3348 νικήσῃ
479 3264 530 3327 τδν
552 3255 799 3329 Πελοποννησίων
825 3249 965 3326 ἦῖῑθὸνας
