2024 3450
120 114 165 159 ιοο
406 109 602 157 οιινοιουοο
837 109 920 174 [vn.

117 191 186 248 οἷιτω
201 182 364 267 προσάντης
380 189 552 256 κατίσταται,
566 187 647 262 ἡμεῖς
661 212 689 246 τι
707 185 854 264 ὑπείξομεν
867 196 923 250 τοῦ

116 276 234 354 ἀρχαίου
258 277 354 357 λόγου·
381 281 404 334 εἰ
424 280 476 334 τοῦ
497 278 548 352 μέν
572 277 657 345 πεζοῦ
677 274 756 351 ὖμεῖς
774 276 921 355 ἡγέοισθε,

115 368 166 422 τοῦ
186 365 216 423 δέ
237 370 364 426 ναυτικοῦ
386 365 449 445 ἐγώ·
477 369 501 423 εἰ
524 364 553 422 δὲ
576 362 640 438 ὑμῖν
662 363 748 439 ἡδονὴ
771 368 821 422 τοῦ
846 367 921 426 κατά

116 451 268 514 θάλασσαν
283 453 469 535 ἡγεμονεύειν,
485 457 536 512 τοῦ
555 453 639 521 πεζοῦ
658 451 711 530 ἐγω
728 451 810 511 θέλω·
832 454 879 511 καὶ
900 452 922 531 ἢ

114 541 241 602 τούτοισι
264 541 350 620 όμέας
372 542 461 620 χρέων
485 546 547 600 ἐστι
568 539 747 615 ἀρέσκεσθαι,
768 539 786 615 ἢ
807 539 921 602 ἀπιέναι

70 630 124 688 161
136 631 292 709 συμμάχων
304 630 417 689 τοιῶνδε
434 627 575 705 ἐρήμους.”
609 628 705 686 Γέλων
717 630 769 703 μὲν
783 628 815 703 δὴ
829 634 922 690 ταῦτα

115 719 284 794 προτείνετο·
312 717 427 793 φθάσας
452 717 483 775 δὲ
506 715 524 775 ό
544 715 703 790 Ἀθηναίων1
721 714 841 795 ἄγγελος
868 718 922 778 τόν

115 806 346 883 Λακεδαιμονίων,
366 804 502 882 ἀμείβετό
522 829 571 880 μιν
590 803 696 862 τοῖσδε·
723 802 772 860 “αἰ
791 805 919 879 βασιλεῦ

44 934 47 938 -
115 893 319 968 Συρηκουσίων,
334 891 383 952 οὐκ
392 891 537 1003 ἡγεμόνος
555 891 670 967 δεομένη
688 890 709 998 ἡ
725 889 831 986 ε«Ελλάς
851 890 920 952 ἀπέ·

115 980 259 1056 πεμψεν
241 982 328 1056 ημέας
346 1007 416 1057 προς
432 983 474 1047 σέ,
489 979 566 1037 ἀλλά
584 978 740 1056 στρατιῆς·
748 1005 786 1038 συ
777 979 864 1036 δε
848 1007 922 1044 οκως

114 1068 166 1141 μὲν
185 1067 320 1143 στρατιὴν
340 1067 461 1145 πέμψεις
478 1066 520 1143 μὴ
537 1065 688 1173 ἡγεήμενος
707 1071 757 1143 τῆς
777 1066 920 1132 Ελλάδος

115 1152 148 1211 οὖ
165 1154 377 1231 προφαίνεις,
358 1181 393 1238 ως
411 1154 440 1212 δὲ
461 1155 666 1261 στρατηγήσεις
687 1154 772 1230 αι’πὴς
792 1155 919 1235 γλίχεαι

114 1240 184 1301 ὅσον
200 1243 252 1318 μέν
273 1269 321 1302 νυν
341 1243 445 1305 παντός
464 1247 515 1302 τοῦ
531 1239 676 1317 Ελλήνων
695 1247 819 1320 στρατοῦ
840 1244 920 1304 ἐδέου

113 1327 257 1443 ἡγέεσθαι,
279 1330 427 1407 ἐξήρκει
409 1335 478 1408 ημῖν
500 1335 576 1389 τοῖσι
596 1329 812 1436 Ἀθηναίαισι
794 1333 920 1410 ησνχίην

113 1415 199 1498 ἄγειν,
214 1421 426 1495 επισταμένοισι
445 1447 480 1482 ως
496 1447 511 1479 ο
504 1419 651 1477 Λάκων
643 1418 735 1481 ικανός
752 1445 796 1478 τοι
814 1421 920 1495 ἔμελλε

115 1505 231 1567 ἔσεσθαι
251 1509 297 1566 καὶ
318 1508 387 1585 ὑπὲρ
411 1507 579 1585 ἀμφοτέρων
598 1505 831 1587 ἀπολογεύμενος·
857 1510 920 1568 ἐπεί

112 1618 144 1652 τε
171 1595 201 1653 δέ
228 1595 341 1672 ἀπάσης
367 1596 593 1672 ἀπελαυνόμενος
616 1597 689 1655 δέεαι
716 1599 765 1669 τῆς
788 1601 921 1671 ναυτικῆς

113 1679 216 1761 ἄρχειν,
233 1683 304 1742 οὕτω
317 1684 374 1763 έχει
387 1711 441 1744 τοι·
463 1684 519 1744 οὐδ’
532 1683 567 1760 ἡν
580 1683 596 1744 ό
610 1684 709 1743 Αάκων
728 1685 791 1762 ἐπίῃ
809 1709 852 1741 τοι
868 1683 917 1761 ἅρ-

112 1795 173 1847 χειν
186 1770 278 1846 αὐτῆς,
292 1771 373 1848 ἡμεῖς
389 1772 541 1848 ἐπήσομεν·
561 1771 683 1846 ἡμετέρη
698 1771 752 1850 γάρ
768 1777 828 1829 ἐστι
846 1769 920 1849 αὕτη

112 1858 208 1936 γε,μὴ
228 1858 317 1917 αὐτῶν
333 1860 516 1935 βουλομένων
534 1858 768 1933 Λακεδαιμονίων·
790 1859 918 1919 τούτοισι

112 1947 164 2020 μέν
192 1944 228 2005 ὦν
254 1945 389 2026 ἡγέεσθαι
414 1945 618 2021 βουλομένοισι
642 1945 691 2004 οὐκ
720 1946 918 2022 ἀντιτείνομεν,

113 2029 193 2112 ἀλλῳ
214 2034 243 2092 δέ
263 2034 430 2111 παρήσομεν
450 2031 539 2091 οὐδενὶ
558 2034 729 2141 ναυαρχέειν·
749 2034 840 2109 μάτην
859 2035 919 2114 γάρ

113 2147 147 2179 αν
163 2119 214 2180 ὦδε
230 2121 360 2197 πάραλον
371 2118 516 2194 Ελλήνων
529 2122 651 2208 στρατὸν
669 2123 847 2179 πλεῖστον
823 2147 920 2196 ειημεν

113 2210 264 2314 ἐκτημένοι,
287 2234 310 2266 ει
334 2207 602 2283 Συρηκουσίοισι”
573 2235 662 2271 εοντες
682 2207 827 2315 Ἀθηναῖοι
846 2234 919 2291 συγ.

111 2295 278 2401 χωρήσρμεν
301 2300 351 2371 τὴς
374 2294 531 2404 ἡγεμονίης,
552 2294 739 2402 ἀρχαιότατον
762 2297 814 2369 μὲν
838 2297 919 2362 ἔθνος

111 2382 298 2460 παρεχόμενοι
311 2387 409 2459 μοῦνοι
424 2384 499 2444 δὲ”
470 2411 562 2448 εοντες
577 2411 610 2444 ου
625 2382 798 2461 μετανάσται
811 2382 917 2461 Ελλή-

113 2496 176 2529 νων·
199 2473 256 2528 τῶν
279 2472 324 2529 καὶ
342 2471 471 2549 Ὅμηρος
494 2473 512 2532 ὁ
535 2471 779 2548 ἐποποιός-ἀνδρα
798 2471 918 2547 ἄριστον

112 2558 203 2632 ἔφησε
216 2563 242 2621 ἐς
250 2557 341 2618 Ἴλιον
354 2558 515 2630 ἀπικέσθαι,
526 2560 607 2630 τάξαι
621 2554 651 2619 τε
666 2559 712 2617 καὶ
722 2559 918 2636 διακοσμῆσαι

113 2646 244 2721 στρατόν·
265 2646 336 2706 οὕτω
356 2647 407 2706 οὐκ
427 2648 530 2712 ὄνειδος
551 2647 629 2708 οὐδὲν
650 2647 717 2724 ἡμῖν
740 2653 801 2708 ἐστι
821 2648 918 2727 λέγειν

67 2735 124 2792 162
131 2732 243 2792 ταῦτα.”
272 2734 423 2811 Ἀμείβετο
437 2739 531 2796 Γέλων
541 2737 647 2797 τοῖσδε·
664 2748 682 2772 “
691 2737 761 2807 ξεῖνε
774 2737 915 2811 Ἀθηναῖε,

111 2819 188 2897 ἡμεῖς
206 2822 299 2881 οἴκατε
316 2823 380 2886 τσιλς
394 2826 447 2899 μὲν
464 2823 601 2904 ἄρχοντας
618 2827 690 2904 ἐχειν
705 2825 771 2888 τούς
788 2825 817 2883 δὲ
834 2823 916 2900 ἀρξο·

110 2910 208 2987 μένους
228 2909 278 2970 οὐκ
299 2912 381 2990 ἐχειν·
404 2913 463 2970 ἐπεὶ
483 2913 576 2972 τοίνυν
598 2914 676 2974 οὐδὲν
697 2913 820 2975 ὑπιέντες
841 2914 917 2990 ἔχειν

110 2998 143 3058 τό
156 3004 212 3060 πᾶν
226 3001 344 3069 ἐθέλετε,
355 2998 405 3059 οὐκ
418 2999 454 3060 ἂν
463 3000 597 3077 φθάνοιτε
611 3003 663 3078 τὴν
672 3002 811 3080 ταχίστην
822 2999 916 3059 ὀπίσω

110 3086 367 3167 ἀπαλλασσόμενοι
380 3115 426 3148 και
416 3088 632 3198 ἀγγέλλοντες
643 3117 678 3168 τη
666 3081 841 3157 ἙλλάδΝ
826 3113 869 3146 οτι
883 3094 915 3147 ἐκ

96 3179 152 3233 rot?
166 3182 300 3241 ε’νιαντου
315 3179 351 3242 τό
371 3180 421 3260 ἐαρ
436 3178 508 3260 αὕτη
493 3177 721 3256 ἐξαραίρηταιῖι
761 3202 843 3236 ουτος
856 3176 915 3231 δε
899 3205 918 3234 α

5 3276 10 3291 “
83 3283 153 3323 νοος
166 3268 257 3328 τουδε
271 3275 325 3332 τοῦ
343 3271 486 3351 ῥήματος,
501 3296 540 3332 τυ
527 3269 651 3330 ἐθέλει
664 3263 770 3344 λέγειν
789 3259 911 3332 ma
878 3283 937 3328 Ἣ)
