2024 3450
74 104 214 167 223-227]
377 107 563 155 ΠΟΛΎΜΝῙΛ.
825 110 874 158 213

74 187 213 261 βασιλέος
225 186 261 262 ἦν
274 187 420 262 ἀδελφεός,
430 186 608 251 Ὑστάσπεος
621 187 650 247 δέ
660 190 711 249 τοῦ
724 186 873 266 ’Λρσάμεω

74 278 147 337 παῖς·
182 274 213 338 ός
237 276 283 334 καὶ
308 273 430 341 ἐκδιδούς
452 272 505 348 τήν
528 275 666 353 θυγατέρα
687 274 802 355 Δαρείῳ,
824 276 873 336 τόν

74 362 149 423 οἶκον
176 361 267 422 πάντα
294 362 343 423 τόν
369 365 468 420 ἑωυτοῦ
496 360 621 430 ἐπέδωκε,
655 361 691 424 ιός
715 362 819 438 μούνου
846 366 873 422 οἱ

73 449 173 526 ἐούσης
189 450 291 525 ταύτης
308 450 415 509 τέκνου.
456 447 564 523 Ξέρξεώ
581 472 612 506 τε
629 448 662 523 δή
677 447 724 506 δύο
739 448 872 525 ἀδελφεοὶ

74 538 190 597 ἐνθαῦτα
211 539 347 597 πίπτουσι
365 534 536 615 μοχεόμενοι
554 533 624 609 ύπέρ
640 538 691 593 τοῦ
709 540 805 611 νεκροῦ
823 541 873 594 τοῦ

72 625 222 685 Λεωνίδεω·
244 625 378 700 Περσέων
390 650 421 682 τε
436 623 481 692 καὶ
491 622 714 697 Λακεδαιμονίων
729 621 853 697 ὠθισμός
861 625 920 682 225

73 713 181 791 ἐγένετο
194 711 313 774 πολλός·
335 717 362 773 ἐς
382 710 398 771 δ
418 708 517 769 τοῦτόν
536 736 567 770 τε
587 708 673 787 α’ρετῇ
693 711 720 767 οἶ
734 707 873 784 ’Έλληνες

72 797 264 876 ὑπεξείρυσαν,
279 798 325 856 καὶ
339 798 489 876 ἐτρέψαντο
506 797 571 860 τούς
589 797 726 859 ἐναντίους
738 796 870 874 τετράκις.

72 888 154 944 τοῦτο
181 884 210 944 δέ
238 883 406 961 συνεστήκεε
432 887 516 964 μέχρι
540 882 572 944 οὗ
599 887 626 944 οἱ
653 885 707 944 σύν
732 883 872 962 Ἐπιάλτῃ

72 973 266 1055 παρεγένοντο·
289 972 324 1037 ὦς
342 974 370 1033 δὲ
388 973 502 1036 τούτους
522 972 598 1048 ἥκειν
616 973 750 1033 ἐπύθοντο
767 972 872 1031 οίἜλ-

72 1065 161 1136 ληνες,
176 1063 300 1122 ἐνθεῦτεν
312 1060 365 1138 ήδη
379 1065 534 1140 ἑτεροιοῦτο
552 1061 585 1120 τό
604 1064 700 1125 νεῖκος·
729 1062 756 1124 ἐς
771 1087 802 1120 τε
817 1061 872 1142 γάρ

70 1149 103 1208 τό
116 1148 228 1211 στεινόν
241 1153 291 1226 τῆς
308 1149 374 1210 ὁδοῦ
389 1149 542 1229 α’νεχιόρεόν
561 1148 660 1218 όπίσω,
675 1150 721 1208 καὶ
737 1174 871 1225 παραμει-

71 1236 190 1313 ψάμενοι
202 1237 235 1298 τό
253 1241 345 1316 τεῖχος
361 1237 489 1300 ἐλθόντες
507 1237 599 1307 ἵζοντο
618 1238 663 1296 ἐπὶ
681 1237 731 1297 τόν
748 1236 871 1295 κολωνόν

70 1323 170 1388 πάντες
182 1324 262 1388 ἇλέες
275 1329 302 1384 οἱ
315 1324 409 1394 ἄλλοι,
423 1324 500 1399 πλὴν
513 1324 655 1400 Θηβαίων·
667 1323 693 1383 ’ό
706 1323 735 1381 δέ
750 1321 878 1384 κολωνός

72 1415 132 1469 ἐστι
146 1417 174 1472 ἐν
187 1415 223 1488 τῇ
237 1410 325 1489 ἐσόδῳ
335 1411 403 1471 όκου
417 1415 466 1471 νῦν
478 1410 494 1470 ό
507 1411 613 1472 λίθινος
627 1411 698 1481 λέων
709 1410 809 1484 ἐστηκε
823 1410 869 1468 ἐπὶ

70 1498 202 1575 Λεωνίδῃ·
237 1501 266 1556 ἐν
291 1497 379 1576 τούτῳ
406 1497 499 1572 σφέας
525 1500 569 1574 τῷ,
582 1489 663 1575 χόρῳ
687 1495 872 1573 ἀλεξομένους

70 1585 235 1661 μαχαίρῃσι,
255 1588 332 1643 τοῖσι
354 1583 443 1643 αὐτῶν
467 1581 679 1663 ἐτύγχανονιέτι
698 1587 868 1660 περιεοῦσαι,

71 1672 118 1728 καὶ
144 1671 226 1748 χερσὶ
254 1672 300 1729 καὶ
327 1670 461 1747 στόμασι,
490 1671 652 1748 κατέχωσαν
674 1673 701 1729 οἶ
724 1670 870 1747 βάρβαροι

70 1757 236 1832 βάλλοντες,
255 1761 281 1816 οἱ
301 1761 352 1834 μὲν
373 1759 403 1827 ἐξ
423 1758 546 1833 ἐναντίης
567 1756 751 1834 ἐπισπόμενοι
772 1759 818 1816 καὶ
838 1758 888 1840 τό

71 1846 158 1922 ἔρυμα
172 1849 222 1904 τοῦ
238 1845 343 1924 τείχεος
362 1843 568 1926 συγχώσαντες,
585 1847 612 1904 οἳ
631 1845 660 1904 δὲ
678 1845 871 1922 περιελθόντες

70 1931 191 1992 πόντοθε
203 1931 382 2012 περισταδόν.

109 2020 334 2101 Λακεδαιμονίων
354 2021 384 2080 δὲ
401 2022 446 2080 καὶ
462 2022 606 2082 Θεσπιέων
623 2022 755 2082 τοιούτων
772 2046 849 2101 γενο·
858 2023 917 2082 226

68 2108 164 2183 μένων,
176 2108 249 2186 ὅμως
259 2109 372 2190 λέγεται
385 2107 455 2185 οἷνήρ
466 2105 580 2180 ἄριστος
589 2109 721 2190 γενέσθαι
732 2108 870 2184 Σπαρτιή·

68 2221 118 2269 της
136 2196 280 2274 Διηνέκης·
300 2196 351 2257 τόν
366 2196 429 2256 τόδε
450 2196 525 2270 φασὶ
546 2196 621 2255 εἶπαι
641 2196 673 2256 τό
691 2198 755 2258 ἔπος
771 2194 836 2272 πρὶν
852 2194 870 2271 ἢ

69 2285 206 2359 συμμίξαι
219 2286 312 2361 σφέας
324 2288 401 2344 τοῖσι
414 2283 550 2360 Μήδοισι,
564 2283 723 2361 πυθόμενον
740 2281 810 2361 πρός
823 2309 871 2342 τευ

68 2373 123 2429 τῶν
142 2374 294 2450 Τρηχινίων
315 2372 350 2436 ὥς
370 2372 453 2432 ἐπεάν
474 2374 501 2431 οἶ
523 2371 670 2450 βάρβαροι
696 2372 815 2432 α’πιέωσι
834 2371 871 2430 τά

68 2456 232 2535 τοξεύματα,
247 2461 298 2520 τόν
312 2461 394 2536 ἥλιον
411 2458 466 2519 ύπό
483 2463 535 2519 τοῦ
551 2459 675 2536 πλήθεος
685 2465 747 2521 ’τῶν
765 2459 868 2520 όῖστῶν

69 2543 288 2621 ἀποκρύπτουσι·
309 2546 429 2607 τοσοῦτό
444 2573 472 2606 τι
488 2547 599 2622 πλῆθος
614 2548 703 2607 αὐτῶν
720 2549 798 2607 εἶναι·
819 2546 870 2607 τόν

69 2631 99 2690 δὲ
113 2631 162 2692 ούκ
176 2634 350 2714 ἐκπλαγέντα
362 2633 495 2703 τούτοισι,
510 2637 602 2708 εἰπεῖν,
620 2640 649 2694 ἐν
662 2634 764 2715 ἀλογίῃ
777 2634 869 2694 ποιεύ·

68 2746 152 2798 μενον
169 2721 202 2781 τό
220 2724 276 2781 τῶν
291 2721 396 2797 Μήδων
416 2721 534 2796 πλῆθος,
550 2721 584 2784 ὦς
600 2721 691 2783 πάντα
705 2730 761 2799 σφι
775 2722 869 2804 άγαθά

68 2806 85 2866 ό
101 2809 247 2888 Τρηχίνιος
264 2809 352 2880 ξεῖνος
367 2807 513 2890 όγγέλλοι,
531 2813 554 2868 εἰ
570 2808 802 2887 α’ποκρυπτόντων
814 2811 870 2891 τῶν

69 2894 173 2970 Μήδων
192 2895 242 2956 τόν
261 2896 344 2975 ήλιον
362 2895 417 2957 ύπό
438 2899 506 2975 σκιῇ
527 2896 620 2956 ἔσοιτο
640 2897 710 2973 πρός
730 2892 868 2968 αύτοῦςή

67 2979 154 3061 μάχη,
169 2983 217 3043 καὶ
230 2984 279 3044 ούκ
293 2990 322 3044 ἐν
334 2985 416 3064 ἡλίῳ.
456 2987 545 3045 ταῦτα
557 2987 609 3060 μὲν
625 2985 671 3042 καὶ
684 2984 762 3041 ἄλλα
779 3004 867 3040 τοιου-

67 3067 193 3144 τότροπα
213 3071 280 3131 ἐτεά
306 3078 380 3148 φασι
409 3073 548 3150 Διηνέκεα
577 3072 628 3133 τὸν
660 3064 891 3138 Λοκεδοκυὶινωυ

66 3156 201 3215 λιπέσθαι
209 3160 390 3236 μνημόσυνα.
434 3161 524 3222 Μετὰ
537 3162 572 3222 δὶ
583 3163 691 3221 τουτον
709 3135 969 3229 ἆοιστὶῗὶῦωῗῃ

54 3241 188 3370 λίίγῖγῖῗ
209 3247 441 3329 Λακεδαιμόνιοι
470 3251 526 3313 δύο
550 3247 718 3324 ἇδελῴεολ,
732 3227 886 3304 ’Λλκῷἱὸς
909 3241 948 3272 'st
