2024 3450
76 107 204 173 97-100]
388 107 577 156 ΚιιιιοιιΗ.
831 104 879 156 327

75 193 116 270 τῷ
138 192 256 270 αἰγιαλῷ
276 187 313 246 τά
333 186 462 264 μάλιστα
482 185 661 264 Λευτυχίδης,
684 186 741 246 ύπὸ
762 184 879 263 κήρυκος

76 277 249 359 προηγόρευε
262 279 340 336 τοῖσι
348 274 429 333 Ἴωσι
442 275 542 355 λέγων·
572 284 589 309 “
598 273 694 351 ἄνδρες
705 273 799 338 Ἴωνες
815 273 879 333 ὅσοι

76 366 167 443 ύμέων
192 364 364 445 τυγχάνουσι
391 363 580 429 ἐπακούοντες,
603 361 708 437 μάθετε
733 361 768 421 τά
795 363 878 442 λέγω·

76 452 185 514 πάντως
198 451 253 532 γάρ
273 450 351 509 ούδὲν
369 449 529 525 συνήσουσι
544 448 656 522 Πέρσαι
673 452 728 507 τῶν
744 448 798 529 ε’γώ
814 448 879 526 ύμῖν
922 470 924 473 ’

76 541 254 616 ἐντέλλομαι·
289 536 372 597 ἐπεάν
399 537 612 616 συμμίσγωμεν,
632 535 798 611 μεμνῆσθαί
817 561 879 595 τινα

75 627 132 704 χρή
154 625 311 701 ἐλευθερίης
334 627 385 700 μὲν
408 623 518 683 πάντων
541 625 659 698 πρῶτον,
679 621 751 699 μετά
772 622 809 692 δὲ,
829 628 879 681 τοῦ

77 713 257 788 συνθήματος
264 712 372 787 Ἥβης·
394 711 440 769 καὶ
453 710 519 769 τάδε
532 709 602 767 ἵστω
616 710 662 767 καὶ
678 708 694 769 ά
709 708 749 785 μή
764 709 879 768 ἐσακού-

76 825 132 863 σας
160 800 251 875 ύμέων
277 797 347 874 πρός
380 802 430 857 τοῦ
460 795 691 859 ἐπακούσαντος.”
733 795 818 859 (ύύτδς
845 797 879 872 δή

77 884 159 948 οὗτος
171 885 223 945 ἐάν
235 884 367 966 τυγχάνει
380 885 443 947 νόος
459 888 510 943 τοῦ
527 883 691 965 πρήγματος
708 885 753 943 καὶ
766 884 782 944 ό
795 891 878 961 Θεμι·

77 975 214 1036 στοκλέος
234 972 250 1033 ό
271 973 313 1033 ἐπ’
333 972 510 1052 Ἀρτεμισίῳ·
531 971 549 1049 ἢ
569 972 624 1054 γάρ
645 973 679 1048 δή
700 973 823 1033 λαθόντα
843 973 879 1033 τά

75 1060 188 1136 ῥήματα
200 1061 264 1125 τούς
276 1061 443 1139 βαρβάρους
456 1063 559 1138 ἔμελλε
574 1061 639 1125 τούς
648 1060 746 1126 Ἴωνας
761 1063 876 1132 πείσειν,

75 1147 94 1224 ἢ
108 1149 203 1210 ἔπειτα
219 1149 411 1228 ἀνενειχθέντα
430 1154 457 1213 ἐς
473 1149 538 1212 τούς
557 1150 732 1227 βαρβάρους,
749 1150 878 1225 ποιήσειν

75 1235 212 1303 ἀπίστους
237 1235 472 1318 τοῖσιἜλλησι].

114 1326 288 1404 Λευτυχίδεω
301 1325 431 1384 δὲταῦτα
444 1324 624 1398 ὑποθεμένου,
639 1323 751 1397 δεύτερα
765 1322 799 1398 δή
813 1322 877 1383 τάδε
886 1327 924 1384 99

77 1412 185 1471 ἐποίευν
199 1411 380 1486 οἱἝλληνες·
395 1407 569 1486 προσχόντες
581 1407 631 1470 τάς
645 1410 715 1477 νέας,
727 1408 878 1485 ἀπέβησαν

77 1505 104 1561 ἐς
123 1500 172 1559 τόν
193 1496 332 1578 αἰγιαλόν·
367 1499 413 1556 καὶ
433 1495 509 1555 οὗτοι
528 1498 580 1571 μὲν
600 1495 766 1555 ἐτάσσοντο·
802 1501 828 1557 οἱ
848 1499 878 1558 δὲ

77 1588 189 1663 Πέρσαι
207 1585 243 1647 οἷς
259 1584 332 1643 εἶδον
344 1583 409 1649 τούς
422 1583 567 1658 Ἕλληνας
582 1585 877 1661 παρασκευαζομένους

77 1680 104 1737 ἐς
116 1673 218 1753 μάχην,
234 1674 279 1731 καὶ
295 1675 372 1731 τοῖσι
383 1671 465 1730 Ἴωσι
482 1672 712 1747 παραινέσαντας,
726 1676 809 1732 τοῦτο
826 1677 878 1751 μὲν

75 1761 281 1837 ὑπονοήσαντες
301 1758 365 1822 τούς
384 1759 505 1836 Σαμίους
525 1758 561 1818 ταὶ
578 1757 723 1834 Ἑλλήνων
741 1761 876 1839 φρονέειν,

76 1849 255 1926 α’παιρέονται
268 1847 303 1906 τά
317 1846 402 1906 ὅπλα·
425 1849 451 1905 οἱ
463 1845 518 1927 γάρ
533 1846 570 1906 ὧν
583 1846 693 1924 Σάμιοι,
705 1849 877 1926 ἀπικομένων

75 1936 229 2013 Ἀθηναίων
250 1935 434 2014 αἰχμαλώτων
457 1939 486 1992 ἐν
505 1937 574 2012 τῇσι
591 1935 674 2010 νηυσὶ
692 1939 746 1994 τῶν
764 1937 877 2012 βαρβά-

75 2050 138 2100 ρων,
151 2023 216 2086 τούς
230 2024 337 2100 ἔλαβον
352 2021 404 2081 α’νά
421 2020 473 2096 τήν
489 2019 620 2095 Ἀττικήν
638 2022 876 2097 λελειμμένουςοὶ

76 2112 191 2189 Ξέρξεω,
222 2110 336 2173 τούτους
362 2109 517 2186 λυσάμενοι
544 2107 650 2170 πάντας
676 2106 876 2184 άποπέμπουσι

76 2200 273 2262 ἐποδιάσαντες
286 2204 313 2263 ἐς
325 2198 374 2260 τάς
386 2195 514 2273 Ἀθήνας·
530 2199 585 2256 τῶν
599 2196 698 2255 εἵνεκεν
712 2196 762 2255 ούκ
775 2196 878 2272 ἥκιστα

76 2287 198 2367 ύποψίην
221 2288 305 2366 εἶχον,
326 2285 511 2346 πεντακοσίας
535 2283 661 2359 κεφαλάς
687 2288 742 2344 τῶν
768 2285 876 2362 Ξέρξεω

75 2378 217 2452 πολεμίων
237 2375 400 2452 λυσάμενοι·
431 2375 515 2434 τοῦτο
536 2371 635 2436 δὲτὰς
655 2372 761 2438 διόδους
779 2373 829 2437 τάς
849 2379 877 2438 ἐς

74 2461 125 2525 τάς
138 2461 262 2538 κορυφάς
277 2466 327 2537 τῆς
345 2461 483 2537 Μυκάλης
497 2460 640 2538 φερούσας
657 2462 878 2537 προστάσσουσι

74 2553 151 2608 τοῖσι
167 2548 341 2623 Μιλησίοισι
357 2549 527 2624 φυλάσσειν,
542 2547 577 2610 οἷς
598 2551 810 2625 ἐπισταμένοισι
831 2550 878 2627 δῆ-

76 2637 123 2696 θεν
138 2635 267 2713 μάλιστα
285 2634 337 2711 τήν
354 2636 456 2715 χώρην·
477 2634 586 2694 ἐποίευν
604 2635 634 2693 δὲ
650 2635 750 2696 τούτου
769 2638 877 2709 εἵνεκεν,

75 2725 119 2784 ἵνα
133 2725 212 2789 ε’κτὸς
221 2727 272 2783 τοῦ
286 2724 477 2800 στρατοπέδου
491 2724 566 2781 ἔωσι·
580 2721 694 2785 τούτους
706 2728 758 2799 μὲν
769 2724 875 2796 Ἰάνων,

72 2817 149 2874 τοῖσι
163 2813 209 2873 καὶ
223 2810 385 2872 κατεδόκεον
399 2809 520 2889 νεοχμόν
539 2808 572 2869 άν
588 2835 616 2868 τι
629 2811 732 2871 ποιέειν
747 2811 878 2888 δυνάμιος

74 2902 317 2978 ἐπιλαβομένοισι,
349 2898 481 2976 τρόποισι
512 2895 665 2955 τοιούτοισι
694 2898 876 2972 προεφυλάσ.

74 3010 159 3047 σοντο
176 2993 206 3048 οἱ·
221 2987 343 3063 Πέρσαι·
365 2984 445 3044 αὐτοὶ
466 2984 495 3042 δέ
516 2981 715 3056 συνεφόρησαν
735 2982 770 3041 τά
790 2985 877 3064 γέρρα

75 3072 152 3148 ἕρκος
166 3075 238 3136 εἶναί
251 3080 314 3149 σφι1

113 3160 159 3225 Ὡς
171 3163 203 3222 δὲ
212 3159 271 3240 άρα
284 3158 525 3240 παρεσκευάδατο
537 3153 787 3223 τοῖσιῈλλυςςς
797 3149 965 3251 Ἧςξθλᾝ

61 3245 148 3321 ήῖσαν
166 3248 242 3328 πρός
259 3249 330 3316 τούς
348 3249 542 3330 βαρβάρους·
569 3237 709 3302 ἰοἳισιδέ
725 3239 793 3305 σλὶῑ·
805 3235 907 3298 ΨΜ
915 3242 959 3277 ²*
