<?xml version="1.0" encoding="UTF-8"?>
<!DOCTYPE html PUBLIC "-//W3C//DTD XHTML 1.0 Transitional//EN"
    "http://www.w3.org/TR/xhtml1/DTD/xhtml1-transitional.dtd">
<html xmlns="http://www.w3.org/1999/xhtml" xml:lang="en" lang="en">
 <head>
  <title>
</title>
<meta http-equiv="Content-Type" content="text/html;charset=utf-8" />
  <meta name='ocr-system' content='tesseract 3.04.00' />
  <meta name='ocr-capabilities' content='ocr_page ocr_carea ocr_par ocr_line ocrx_word'/>
</head>
<body>
  <div class='ocr_page' id='page_1' title='image "./recensuitjoseph01herogoog_0078.png"; bbox 0 0 2024 3450; ppageno 0'>
   <div class='ocr_carea' id='block_1_1' title="bbox 44 111 969 3325">
    <p class='ocr_par' dir='ltr' id='par_1_1' title="bbox 102 111 899 446">
     <span class='ocr_line' id='line_1_1' title="bbox 103 111 898 179; baseline -0.009 -11"><span class='ocrx_word' id='word_1_1' title='bbox 103 113 212 179; x_wconf 75' lang='lat'><strong>22-26]</strong></span> <span class='ocrx_word' id='word_1_2' title='bbox 444 111 557 159; x_wconf 78' lang='grc' dir='ltr'>αοιυο.</span> <span class='ocrx_word' id='word_1_3' title='bbox 868 114 898 162; x_wconf 81' lang='grc' dir='ltr'>ει</span> 
     </span>
     <span class='ocr_line' id='line_1_2' title="bbox 102 188 899 272; baseline -0.005 -18"><span class='ocrx_word' id='word_1_4' title='bbox 102 195 250 272; x_wconf 83' lang='grc' dir='ltr'>προέδωκε.</span> <span class='ocrx_word' id='word_1_5' title='bbox 291 189 394 268; x_wconf 82' lang='grc' dir='ltr'>μισθός</span> <span class='ocrx_word' id='word_1_6' title='bbox 412 190 443 249; x_wconf 87' lang='grc' dir='ltr'>δέ</span> <span class='ocrx_word' id='word_1_7' title='bbox 456 193 483 248; x_wconf 83' lang='grc' dir='ltr'>οἱ</span> <span class='ocrx_word' id='word_1_8' title='bbox 495 189 530 265; x_wconf 81' lang='grc' dir='ltr'>ἦν</span> <span class='ocrx_word' id='word_1_9' title='bbox 544 190 684 266; x_wconf 76' lang='grc' dir='ltr'>εἰρημένος</span> <span class='ocrx_word' id='word_1_10' title='bbox 702 188 748 249; x_wconf 86' lang='grc' dir='ltr'>ὅδε</span> <span class='ocrx_word' id='word_1_11' title='bbox 769 189 824 250; x_wconf 80' lang='grc' dir='ltr'>ύπό</span> <span class='ocrx_word' id='word_1_12' title='bbox 844 193 899 251; x_wconf 76' lang='grc' dir='ltr'>τόν</span> 
     </span>
     <span class='ocr_line' id='line_1_3' title="bbox 103 275 897 358; baseline -0.009 -13"><span class='ocrx_word' id='word_1_13' title='bbox 103 283 221 358; x_wconf 84' lang='grc' dir='ltr'>Σαμίων,</span> <span class='ocrx_word' id='word_1_14' title='bbox 242 279 353 340; x_wconf 89' lang='grc' dir='ltr'>πάντων</span> <span class='ocrx_word' id='word_1_15' title='bbox 373 281 429 338; x_wconf 84' lang='grc' dir='ltr'>τῶν</span> <span class='ocrx_word' id='word_1_16' title='bbox 450 278 574 336; x_wconf 77' lang='grc' dir='ltr'>ἐπίπλων</span> <span class='ocrx_word' id='word_1_17' title='bbox 595 278 641 335; x_wconf 89' lang='grc' dir='ltr'>καὶ</span> <span class='ocrx_word' id='word_1_18' title='bbox 664 275 842 354; x_wconf 71' lang='grc' dir='ltr'>ἀνδραπόδων</span> <span class='ocrx_word' id='word_1_19' title='bbox 861 278 897 338; x_wconf 80' lang='grc' dir='ltr'>τά</span> 
     </span>
     <span class='ocr_line' id='line_1_4' title="bbox 102 363 899 446; baseline -0.006 -17"><span class='ocrx_word' id='word_1_20' title='bbox 102 367 205 445; x_wconf 79' lang='grc' dir='ltr'>ἡμίσεα</span> <span class='ocrx_word' id='word_1_21' title='bbox 226 367 401 446; x_wconf 71' lang='grc' dir='ltr'>μεταλαβεῖν</span> <span class='ocrx_word' id='word_1_22' title='bbox 418 369 473 425; x_wconf 79' lang='grc' dir='ltr'>τῶν</span> <span class='ocrx_word' id='word_1_23' title='bbox 491 369 521 424; x_wconf 91' lang='grc' dir='ltr'>ἐν</span> <span class='ocrx_word' id='word_1_24' title='bbox 540 368 575 443; x_wconf 80' lang='grc' dir='ltr'>τῇ</span> <span class='ocrx_word' id='word_1_25' title='bbox 596 363 672 434; x_wconf 87' lang='grc' dir='ltr'>πόλι,</span> <span class='ocrx_word' id='word_1_26' title='bbox 685 363 720 423; x_wconf 80' lang='grc' dir='ltr'>τά</span> <span class='ocrx_word' id='word_1_27' title='bbox 742 363 764 422; x_wconf 88' lang='grc' dir='ltr'>δ’</span> <span class='ocrx_word' id='word_1_28' title='bbox 779 365 824 423; x_wconf 81' lang='grc' dir='ltr'>ἐπὶ</span> <span class='ocrx_word' id='word_1_29' title='bbox 843 369 899 425; x_wconf 79' lang='grc' dir='ltr'>τῶν</span> 
     </span>
    </p>

    <p class='ocr_par' dir='ltr' id='par_1_2' title="bbox 44 451 899 793">
     <span class='ocr_line' id='line_1_5' title="bbox 44 451 897 536; baseline -0.004 -21"><span class='ocrx_word' id='word_1_30' title='bbox 44 513 50 527; x_wconf 79' lang='grc'>,</span> <span class='ocrx_word' id='word_1_31' title='bbox 101 455 193 536; x_wconf 70' lang='grc' dir='ltr'>άγροῖν</span> <span class='ocrx_word' id='word_1_32' title='bbox 208 455 299 516; x_wconf 88' lang='grc' dir='ltr'>πάντα</span> <span class='ocrx_word' id='word_1_33' title='bbox 312 452 497 531; x_wconf 77' lang='grc' dir='ltr'>Ἱπποκράτεα</span> <span class='ocrx_word' id='word_1_34' title='bbox 518 451 678 533; x_wconf 76' lang='grc' dir='ltr'>λαγχάνειν.</span> <span class='ocrx_word' id='word_1_35' title='bbox 719 452 784 515; x_wconf 81' lang='grc' dir='ltr'>τούς</span> <span class='ocrx_word' id='word_1_36' title='bbox 797 455 848 528; x_wconf 78' lang='grc' dir='ltr'>μὲν</span> <span class='ocrx_word' id='word_1_37' title='bbox 863 453 897 528; x_wconf 83' lang='grc' dir='ltr'>δή</span> 
     </span>
     <span class='ocr_line' id='line_1_6' title="bbox 101 538 898 622; baseline -0.005 -21"><span class='ocrx_word' id='word_1_38' title='bbox 101 547 221 607; x_wconf 80' lang='grc' dir='ltr'>πλεῦνας</span> <span class='ocrx_word' id='word_1_39' title='bbox 238 547 293 602; x_wconf 78' lang='grc' dir='ltr'>τῶν</span> <span class='ocrx_word' id='word_1_40' title='bbox 307 541 471 622; x_wconf 84' lang='grc' dir='ltr'>Ζαγκλαίων</span> <span class='ocrx_word' id='word_1_41' title='bbox 487 539 568 601; x_wconf 84' lang='grc' dir='ltr'>αύτός</span> <span class='ocrx_word' id='word_1_42' title='bbox 582 545 611 598; x_wconf 90' lang='grc' dir='ltr'>ἐν</span> <span class='ocrx_word' id='word_1_43' title='bbox 624 538 801 614; x_wconf 74' lang='grc' dir='ltr'>ἀνδραπόδων</span> <span class='ocrx_word' id='word_1_44' title='bbox 822 539 898 619; x_wconf 77' lang='grc' dir='ltr'>λόγῳ</span> 
     </span>
     <span class='ocr_line' id='line_1_7' title="bbox 102 626 899 708; baseline -0.004 -21"><span class='ocrx_word' id='word_1_45' title='bbox 102 629 159 708; x_wconf 81' lang='grc' dir='ltr'>εἶχε</span> <span class='ocrx_word' id='word_1_46' title='bbox 177 629 272 705; x_wconf 80' lang='grc' dir='ltr'>δήσας,</span> <span class='ocrx_word' id='word_1_47' title='bbox 288 627 354 691; x_wconf 82' lang='grc' dir='ltr'>τούς</span> <span class='ocrx_word' id='word_1_48' title='bbox 375 628 404 686; x_wconf 86' lang='grc' dir='ltr'>δὲ</span> <span class='ocrx_word' id='word_1_49' title='bbox 426 628 593 703; x_wconf 85' lang='grc' dir='ltr'>κορυφαίους</span> <span class='ocrx_word' id='word_1_50' title='bbox 614 626 703 685; x_wconf 81' lang='grc' dir='ltr'>αὐτῶν</span> <span class='ocrx_word' id='word_1_51' title='bbox 724 627 899 702; x_wconf 86' lang='grc' dir='ltr'>τριηκοσίους</span> 
     </span>
     <span class='ocr_line' id='line_1_8' title="bbox 101 712 899 793; baseline -0.005 -18"><span class='ocrx_word' id='word_1_52' title='bbox 101 717 181 775; x_wconf 82' lang='grc' dir='ltr'>ἔδωκε</span> <span class='ocrx_word' id='word_1_53' title='bbox 199 721 276 776; x_wconf 79' lang='grc' dir='ltr'>τοῖσι</span> <span class='ocrx_word' id='word_1_54' title='bbox 293 716 426 791; x_wconf 80' lang='grc' dir='ltr'>Σαμίοισι</span> <span class='ocrx_word' id='word_1_55' title='bbox 445 713 633 789; x_wconf 78' lang='grc' dir='ltr'>κατασφάξαι·</span> <span class='ocrx_word' id='word_1_56' title='bbox 656 712 687 772; x_wconf 87' lang='grc' dir='ltr'>ού</span> <span class='ocrx_word' id='word_1_57' title='bbox 706 713 801 789; x_wconf 86' lang='grc' dir='ltr'>μέντοι</span> <span class='ocrx_word' id='word_1_58' title='bbox 822 715 850 771; x_wconf 84' lang='grc' dir='ltr'>ὀί</span> <span class='ocrx_word' id='word_1_59' title='bbox 865 740 899 793; x_wconf 90' lang='grc' dir='ltr'>γε</span> 
     </span>
    </p>

    <p class='ocr_par' dir='ltr' id='par_1_3' title="bbox 55 800 945 2536">
     <span class='ocr_line' id='line_1_9' title="bbox 55 800 945 880; baseline -0.001 -21"><span class='ocrx_word' id='word_1_60' title='bbox 55 854 59 859; x_wconf 94' lang='grc'>.</span> <span class='ocrx_word' id='word_1_61' title='bbox 101 804 203 879; x_wconf 78' lang='grc' dir='ltr'>Σάμιοι</span> <span class='ocrx_word' id='word_1_62' title='bbox 218 804 354 877; x_wconf 88' lang='grc' dir='ltr'>ἐποίησαν</span> <span class='ocrx_word' id='word_1_63' title='bbox 367 805 462 860; x_wconf 83' lang='grc' dir='ltr'>ταῦτα.</span> <span class='ocrx_word' id='word_1_64' title='bbox 504 802 611 877; x_wconf 79' lang='grc' dir='ltr'>Σκύθης</span> <span class='ocrx_word' id='word_1_65' title='bbox 625 802 654 861; x_wconf 85' lang='grc' dir='ltr'>δὲ</span> <span class='ocrx_word' id='word_1_66' title='bbox 667 800 683 861; x_wconf 87' lang='grc' dir='ltr'>ό</span> <span class='ocrx_word' id='word_1_67' title='bbox 696 805 751 860; x_wconf 83' lang='grc' dir='ltr'>τῶν</span> <span class='ocrx_word' id='word_1_68' title='bbox 761 800 896 880; x_wconf 80' lang='grc' dir='ltr'>Ζαγκλαί-</span> <span class='ocrx_word' id='word_1_69' title='bbox 907 803 945 858; x_wconf 79' lang='grc'>24</span> 
     </span>
     <span class='ocr_line' id='line_1_10' title="bbox 100 883 894 968; baseline -0.003 -21"><span class='ocrx_word' id='word_1_70' title='bbox 100 915 138 949; x_wconf 92' lang='grc' dir='ltr'>ων</span> <span class='ocrx_word' id='word_1_71' title='bbox 154 890 311 968; x_wconf 77' lang='grc' dir='ltr'>μούναρχος</span> <span class='ocrx_word' id='word_1_72' title='bbox 324 894 354 947; x_wconf 89' lang='grc' dir='ltr'>ἐκ</span> <span class='ocrx_word' id='word_1_73' title='bbox 368 893 417 963; x_wconf 81' lang='grc' dir='ltr'>τῆς</span> <span class='ocrx_word' id='word_1_74' title='bbox 429 887 534 948; x_wconf 91' lang='grc' dir='ltr'>Ἰνύκου</span> <span class='ocrx_word' id='word_1_75' title='bbox 551 888 724 965; x_wconf 80' lang='grc' dir='ltr'>ἐκδιδρήσκει</span> <span class='ocrx_word' id='word_1_76' title='bbox 737 883 764 951; x_wconf 84' lang='grc' dir='ltr'>ἐς</span> <span class='ocrx_word' id='word_1_77' title='bbox 777 888 894 966; x_wconf 80' lang='grc' dir='ltr'>Ἱμέρην.</span> 
     </span>
     <span class='ocr_line' id='line_1_11' title="bbox 101 975 897 1053; baseline 0 -18"><span class='ocrx_word' id='word_1_78' title='bbox 101 982 131 1035; x_wconf 89' lang='grc' dir='ltr'>ἐκ</span> <span class='ocrx_word' id='word_1_79' title='bbox 148 977 177 1035; x_wconf 85' lang='grc' dir='ltr'>δέ</span> <span class='ocrx_word' id='word_1_80' title='bbox 196 976 297 1053; x_wconf 87' lang='grc' dir='ltr'>ταύτης</span> <span class='ocrx_word' id='word_1_81' title='bbox 316 981 409 1053; x_wconf 81' lang='grc' dir='ltr'>παρῆν</span> <span class='ocrx_word' id='word_1_82' title='bbox 426 980 453 1038; x_wconf 90' lang='grc' dir='ltr'>ἐς</span> <span class='ocrx_word' id='word_1_83' title='bbox 465 975 517 1051; x_wconf 80' lang='grc' dir='ltr'>τήν</span> <span class='ocrx_word' id='word_1_84' title='bbox 530 976 638 1053; x_wconf 86' lang='grc' dir='ltr'>Ἀσίην,</span> <span class='ocrx_word' id='word_1_85' title='bbox 653 978 698 1035; x_wconf 82' lang='grc' dir='ltr'>καὶ</span> <span class='ocrx_word' id='word_1_86' title='bbox 715 977 804 1053; x_wconf 86' lang='grc' dir='ltr'>άνέβη</span> <span class='ocrx_word' id='word_1_87' title='bbox 821 975 897 1053; x_wconf 81' lang='grc' dir='ltr'>παρά</span> 
     </span>
     <span class='ocr_line' id='line_1_12' title="bbox 98 1064 896 1142; baseline 0.005 -22"><span class='ocrx_word' id='word_1_88' title='bbox 98 1065 225 1138; x_wconf 88' lang='grc' dir='ltr'>βασιλέα</span> <span class='ocrx_word' id='word_1_89' title='bbox 239 1068 368 1142; x_wconf 82' lang='grc' dir='ltr'>Δαρεῖον·</span> <span class='ocrx_word' id='word_1_90' title='bbox 390 1064 438 1122; x_wconf 90' lang='grc' dir='ltr'>καί</span> <span class='ocrx_word' id='word_1_91' title='bbox 451 1090 500 1140; x_wconf 91' lang='grc' dir='ltr'>μιν</span> <span class='ocrx_word' id='word_1_92' title='bbox 521 1064 633 1140; x_wconf 82' lang='grc' dir='ltr'>ἐνόμισε</span> <span class='ocrx_word' id='word_1_93' title='bbox 648 1070 766 1141; x_wconf 84' lang='grc' dir='ltr'>Δαρεῖος</span> <span class='ocrx_word' id='word_1_94' title='bbox 786 1065 896 1124; x_wconf 88' lang='grc' dir='ltr'>πάντων</span> 
     </span>
     <span class='ocr_line' id='line_1_13' title="bbox 99 1149 896 1230; baseline 0.001 -21"><span class='ocrx_word' id='word_1_95' title='bbox 99 1149 204 1228; x_wconf 83' lang='grc' dir='ltr'>α’νδρῶν</span> <span class='ocrx_word' id='word_1_96' title='bbox 224 1152 398 1212; x_wconf 84' lang='grc' dir='ltr'>δικαιότατον</span> <span class='ocrx_word' id='word_1_97' title='bbox 412 1153 480 1212; x_wconf 87' lang='grc' dir='ltr'>εἶναι</span> <span class='ocrx_word' id='word_1_98' title='bbox 495 1151 559 1211; x_wconf 86' lang='grc' dir='ltr'>ὅσοι</span> <span class='ocrx_word' id='word_1_99' title='bbox 573 1158 602 1210; x_wconf 93' lang='grc' dir='ltr'>ἐκ</span> <span class='ocrx_word' id='word_1_100' title='bbox 616 1157 665 1227; x_wconf 78' lang='grc' dir='ltr'>τῆς</span> <span class='ocrx_word' id='word_1_101' title='bbox 678 1152 816 1215; x_wconf 83' lang='grc' dir='ltr'>Ἑλλάδος</span> <span class='ocrx_word' id='word_1_102' title='bbox 831 1152 896 1230; x_wconf 86' lang='grc' dir='ltr'>παρ’</span> 
     </span>
     <span class='ocr_line' id='line_1_14' title="bbox 99 1238 896 1319; baseline 0.001 -23"><span class='ocrx_word' id='word_1_103' title='bbox 99 1238 197 1298; x_wconf 83' lang='grc' dir='ltr'>ἐωυτόν</span> <span class='ocrx_word' id='word_1_104' title='bbox 213 1239 368 1316; x_wconf 76' lang='grc' dir='ltr'>ἀνέβησαν·</span> <span class='ocrx_word' id='word_1_105' title='bbox 390 1240 435 1297; x_wconf 83' lang='grc' dir='ltr'>καὶ</span> <span class='ocrx_word' id='word_1_106' title='bbox 447 1238 503 1319; x_wconf 85' lang='grc' dir='ltr'>γάρ</span> <span class='ocrx_word' id='word_1_107' title='bbox 517 1238 759 1315; x_wconf 89' lang='grc' dir='ltr'>παραιτησάμενος</span> <span class='ocrx_word' id='word_1_108' title='bbox 769 1241 896 1314; x_wconf 85' lang='grc' dir='ltr'>βασιλέα</span> 
     </span>
     <span class='ocr_line' id='line_1_15' title="bbox 99 1323 895 1402; baseline -0.001 -19"><span class='ocrx_word' id='word_1_109' title='bbox 99 1330 125 1389; x_wconf 87' lang='grc' dir='ltr'>ἐς</span> <span class='ocrx_word' id='word_1_110' title='bbox 133 1328 262 1402; x_wconf 89' lang='grc' dir='ltr'>Σικελίην</span> <span class='ocrx_word' id='word_1_111' title='bbox 276 1327 399 1394; x_wconf 88' lang='grc' dir='ltr'>α’πίκετο,</span> <span class='ocrx_word' id='word_1_112' title='bbox 412 1326 457 1383; x_wconf 77' lang='grc' dir='ltr'>καὶ</span> <span class='ocrx_word' id='word_1_113' title='bbox 472 1324 547 1387; x_wconf 74' lang='grc' dir='ltr'>αὖτις</span> <span class='ocrx_word' id='word_1_114' title='bbox 561 1331 591 1382; x_wconf 87' lang='grc' dir='ltr'>ἐκ</span> <span class='ocrx_word' id='word_1_115' title='bbox 604 1330 653 1400; x_wconf 79' lang='grc' dir='ltr'>τῆς</span> <span class='ocrx_word' id='word_1_116' title='bbox 662 1325 791 1399; x_wconf 77' lang='grc' dir='ltr'>Σικελίης</span> <span class='ocrx_word' id='word_1_117' title='bbox 805 1323 895 1382; x_wconf 80' lang='grc' dir='ltr'>ὀπίσω</span> 
     </span>
     <span class='ocr_line' id='line_1_16' title="bbox 97 1410 895 1491; baseline 0 -22"><span class='ocrx_word' id='word_1_118' title='bbox 97 1414 173 1488; x_wconf 78' lang='grc' dir='ltr'>παρά</span> <span class='ocrx_word' id='word_1_119' title='bbox 188 1415 323 1489; x_wconf 79' lang='grc' dir='ltr'>βασιλέα,</span> <span class='ocrx_word' id='word_1_120' title='bbox 339 1418 366 1473; x_wconf 91' lang='grc' dir='ltr'>ἐς</span> <span class='ocrx_word' id='word_1_121' title='bbox 379 1411 395 1470; x_wconf 86' lang='grc' dir='ltr'>δ</span> <span class='ocrx_word' id='word_1_122' title='bbox 408 1411 580 1491; x_wconf 87' lang='grc' dir='ltr'>γήραῖμέγα</span> <span class='ocrx_word' id='word_1_123' title='bbox 598 1411 697 1485; x_wconf 81' lang='grc' dir='ltr'>ὄλβιος</span> <span class='ocrx_word' id='word_1_124' title='bbox 719 1410 770 1468; x_wconf 77' lang='grc' dir='ltr'>ἐῶν</span> <span class='ocrx_word' id='word_1_125' title='bbox 791 1410 895 1469; x_wconf 87' lang='grc' dir='ltr'>ἐτελεύ·</span> 
     </span>
     <span class='ocr_line' id='line_1_17' title="bbox 96 1495 923 1574; baseline -0.004 -19"><span class='ocrx_word' id='word_1_126' title='bbox 96 1523 167 1571; x_wconf 90' lang='grc' dir='ltr'>τησε</span> <span class='ocrx_word' id='word_1_127' title='bbox 187 1504 216 1556; x_wconf 92' lang='grc' dir='ltr'>ἐν</span> <span class='ocrx_word' id='word_1_128' title='bbox 230 1499 372 1574; x_wconf 86' lang='grc' dir='ltr'>Πέρσῃσι.</span> <span class='ocrx_word' id='word_1_129' title='bbox 415 1496 517 1570; x_wconf 90' lang='grc' dir='ltr'>Σάμιοι</span> <span class='ocrx_word' id='word_1_130' title='bbox 538 1497 567 1552; x_wconf 82' lang='grc' dir='ltr'>δέ</span> <span class='ocrx_word' id='word_1_131' title='bbox 588 1497 816 1572; x_wconf 76' lang='grc' dir='ltr'>ἀπαλλαχθέντες</span> <span class='ocrx_word' id='word_1_132' title='bbox 833 1495 895 1570; x_wconf 80' lang='grc' dir='ltr'>Μή·</span> <span class='ocrx_word' id='word_1_133' title='bbox 920 1503 923 1507; x_wconf 80' lang='grc'><strong>’</strong></span> 
     </span>
     <span class='ocr_line' id='line_1_18' title="bbox 98 1581 901 1661; baseline 0 -21"><span class='ocrx_word' id='word_1_134' title='bbox 98 1584 159 1651; x_wconf 92' lang='grc' dir='ltr'>δων,</span> <span class='ocrx_word' id='word_1_135' title='bbox 168 1582 286 1656; x_wconf 76' lang='grc' dir='ltr'>ἀπονητὶ</span> <span class='ocrx_word' id='word_1_136' title='bbox 299 1582 384 1640; x_wconf 91' lang='grc' dir='ltr'>πόλιν</span> <span class='ocrx_word' id='word_1_137' title='bbox 399 1583 556 1655; x_wconf 89' lang='grc' dir='ltr'>καλλίστην</span> <span class='ocrx_word' id='word_1_138' title='bbox 565 1581 694 1661; x_wconf 88' lang='grc' dir='ltr'>Ζάγκλην</span> <span class='ocrx_word' id='word_1_139' title='bbox 707 1583 901 1658; x_wconf 89' lang='grc' dir='ltr'>περιεβεβλή-·</span> 
     </span>
     <span class='ocr_line' id='line_1_19' title="bbox 98 1666 941 1743; baseline 0 -16"><span class='ocrx_word' id='word_1_140' title='bbox 98 1695 159 1727; x_wconf 90' lang='grc' dir='ltr'>ατο.</span> <span class='ocrx_word' id='word_1_141' title='bbox 201 1667 282 1736; x_wconf 85' lang='grc' dir='ltr'>Μετοῖ</span> <span class='ocrx_word' id='word_1_142' title='bbox 296 1667 407 1741; x_wconf 78' lang='grc' dir='ltr'>δέτήν</span> <span class='ocrx_word' id='word_1_143' title='bbox 430 1668 589 1743; x_wconf 88' lang='grc' dir='ltr'>ναυμαχίην</span> <span class='ocrx_word' id='word_1_144' title='bbox 605 1666 656 1741; x_wconf 85' lang='grc' dir='ltr'>τήν</span> <span class='ocrx_word' id='word_1_145' title='bbox 674 1667 742 1742; x_wconf 76' lang='grc' dir='ltr'>ὑπὲρ</span> <span class='ocrx_word' id='word_1_146' title='bbox 765 1668 941 1742; x_wconf 78' lang='grc' dir='ltr'>Μιλήτου25</span> 
     </span>
     <span class='ocr_line' id='line_1_20' title="bbox 96 1753 896 1836; baseline 0.003 -23"><span class='ocrx_word' id='word_1_147' title='bbox 96 1756 256 1836; x_wconf 88' lang='grc' dir='ltr'>γενομένην,</span> <span class='ocrx_word' id='word_1_148' title='bbox 271 1753 393 1814; x_wconf 85' lang='grc' dir='ltr'>Φοίνικες</span> <span class='ocrx_word' id='word_1_149' title='bbox 415 1753 603 1813; x_wconf 86' lang='grc' dir='ltr'>κελευσάντων</span> <span class='ocrx_word' id='word_1_150' title='bbox 621 1756 896 1835; x_wconf 80' lang='grc' dir='ltr'>Περσέωνκατῆγον</span> 
     </span>
     <span class='ocr_line' id='line_1_21' title="bbox 98 1840 895 1921; baseline 0.004 -21"><span class='ocrx_word' id='word_1_151' title='bbox 98 1849 126 1905; x_wconf 85' lang='grc' dir='ltr'>ἐς</span> <span class='ocrx_word' id='word_1_152' title='bbox 148 1842 243 1919; x_wconf 83' lang='grc' dir='ltr'>Σάμον</span> <span class='ocrx_word' id='word_1_153' title='bbox 265 1841 369 1900; x_wconf 81' lang='grc' dir='ltr'>Αἰάκεα</span> <span class='ocrx_word' id='word_1_154' title='bbox 392 1840 441 1901; x_wconf 84' lang='grc' dir='ltr'>τόν</span> <span class='ocrx_word' id='word_1_155' title='bbox 464 1842 652 1910; x_wconf 82' lang='grc' dir='ltr'>Συλοσῶντος,</span> <span class='ocrx_word' id='word_1_156' title='bbox 676 1841 711 1905; x_wconf 72' lang='grc' dir='ltr'>οἷς</span> <span class='ocrx_word' id='word_1_157' title='bbox 729 1848 844 1921; x_wconf 82' lang='grc' dir='ltr'>Ιπολλοῦ</span> <span class='ocrx_word' id='word_1_158' title='bbox 864 1870 895 1903; x_wconf 91' lang='grc' dir='ltr'>τε</span> 
     </span>
     <span class='ocr_line' id='line_1_22' title="bbox 97 1927 892 2013; baseline 0.004 -25"><span class='ocrx_word' id='word_1_159' title='bbox 97 1930 175 2000; x_wconf 83' lang='grc' dir='ltr'>άξιον</span> <span class='ocrx_word' id='word_1_160' title='bbox 189 1929 338 2012; x_wconf 89' lang='grc' dir='ltr'>γενόμενόν</span> <span class='ocrx_word' id='word_1_161' title='bbox 354 1927 502 2007; x_wconf 83' lang='grc' dir='ltr'>σφισικαὶ</span> <span class='ocrx_word' id='word_1_162' title='bbox 514 1930 626 2010; x_wconf 87' lang='grc' dir='ltr'>μεγάλα</span> <span class='ocrx_word' id='word_1_163' title='bbox 641 1931 892 2013; x_wconf 87' lang='grc' dir='ltr'>κατεργασάμενον·</span> 
     </span>
     <span class='ocr_line' id='line_1_23' title="bbox 98 2017 894 2096; baseline 0.001 -20"><span class='ocrx_word' id='word_1_164' title='bbox 98 2020 142 2077; x_wconf 81' lang='grc' dir='ltr'>καὶ</span> <span class='ocrx_word' id='word_1_165' title='bbox 164 2021 298 2096; x_wconf 89' lang='grc' dir='ltr'>Σαμίοισι</span> <span class='ocrx_word' id='word_1_166' title='bbox 321 2017 450 2094; x_wconf 85' lang='grc' dir='ltr'>μούνοισι</span> <span class='ocrx_word' id='word_1_167' title='bbox 472 2020 528 2077; x_wconf 75' lang='grc' dir='ltr'>τῶν</span> <span class='ocrx_word' id='word_1_168' title='bbox 551 2017 733 2078; x_wconf 87' lang='grc' dir='ltr'>άποστάντων</span> <span class='ocrx_word' id='word_1_169' title='bbox 759 2019 814 2077; x_wconf 83' lang='grc' dir='ltr'>α’πδ</span> <span class='ocrx_word' id='word_1_170' title='bbox 837 2027 894 2077; x_wconf 91' lang='grc' dir='ltr'>Δα-</span> 
     </span>
     <span class='ocr_line' id='line_1_24' title="bbox 95 2107 893 2184; baseline -0.003 -20"><span class='ocrx_word' id='word_1_171' title='bbox 95 2108 178 2182; x_wconf 88' lang='grc' dir='ltr'>ρείου,</span> <span class='ocrx_word' id='word_1_172' title='bbox 190 2107 235 2166; x_wconf 83' lang='grc' dir='ltr'>διά</span> <span class='ocrx_word' id='word_1_173' title='bbox 248 2108 299 2182; x_wconf 80' lang='grc' dir='ltr'>τήν</span> <span class='ocrx_word' id='word_1_174' title='bbox 311 2108 433 2184; x_wconf 77' lang='grc' dir='ltr'>ἔκλειψιν</span> <span class='ocrx_word' id='word_1_175' title='bbox 446 2111 501 2165; x_wconf 78' lang='grc' dir='ltr'>τῶν</span> <span class='ocrx_word' id='word_1_176' title='bbox 514 2111 580 2165; x_wconf 77' lang='grc' dir='ltr'>νεῶν</span> <span class='ocrx_word' id='word_1_177' title='bbox 593 2111 648 2165; x_wconf 80' lang='grc' dir='ltr'>τῶν</span> <span class='ocrx_word' id='word_1_178' title='bbox 659 2111 687 2165; x_wconf 90' lang='grc' dir='ltr'>ἐν</span> <span class='ocrx_word' id='word_1_179' title='bbox 700 2111 736 2184; x_wconf 79' lang='grc' dir='ltr'>τῇ</span> <span class='ocrx_word' id='word_1_180' title='bbox 745 2107 893 2182; x_wconf 86' lang='grc' dir='ltr'>ναυμαχίη,</span> 
     </span>
     <span class='ocr_line' id='line_1_25' title="bbox 97 2192 893 2270; baseline -0.001 -19"><span class='ocrx_word' id='word_1_181' title='bbox 97 2193 190 2269; x_wconf 81' lang='grc' dir='ltr'>ούτεή</span> <span class='ocrx_word' id='word_1_182' title='bbox 204 2195 286 2256; x_wconf 89' lang='grc' dir='ltr'>πόλις</span> <span class='ocrx_word' id='word_1_183' title='bbox 300 2194 362 2252; x_wconf 78' lang='grc' dir='ltr'>οὔτε</span> <span class='ocrx_word' id='word_1_184' title='bbox 379 2192 415 2251; x_wconf 82' lang='grc' dir='ltr'>τά</span> <span class='ocrx_word' id='word_1_185' title='bbox 437 2193 482 2270; x_wconf 80' lang='grc' dir='ltr'>ἱροὶ</span> <span class='ocrx_word' id='word_1_186' title='bbox 504 2193 670 2268; x_wconf 80' lang='grc' dir='ltr'>ἐνεπρήσθη.</span> <span class='ocrx_word' id='word_1_187' title='bbox 713 2192 843 2267; x_wconf 86' lang='grc' dir='ltr'>Μιλήτου</span> <span class='ocrx_word' id='word_1_188' title='bbox 864 2192 893 2251; x_wconf 86' lang='grc' dir='ltr'>δὲ</span> 
     </span>
     <span class='ocr_line' id='line_1_26' title="bbox 96 2280 893 2358; baseline 0 -21"><span class='ocrx_word' id='word_1_189' title='bbox 96 2280 229 2357; x_wconf 77' lang='grc' dir='ltr'>ἁλούσης,</span> <span class='ocrx_word' id='word_1_190' title='bbox 245 2281 342 2340; x_wconf 89' lang='grc' dir='ltr'>αύτίκα</span> <span class='ocrx_word' id='word_1_191' title='bbox 359 2282 468 2358; x_wconf 89' lang='grc' dir='ltr'>Καρίην</span> <span class='ocrx_word' id='word_1_192' title='bbox 488 2280 572 2358; x_wconf 84' lang='grc' dir='ltr'>ἐσχον</span> <span class='ocrx_word' id='word_1_193' title='bbox 594 2284 619 2338; x_wconf 87' lang='grc' dir='ltr'>οἱ</span> <span class='ocrx_word' id='word_1_194' title='bbox 636 2281 756 2355; x_wconf 87' lang='grc' dir='ltr'>Πέρσαι,</span> <span class='ocrx_word' id='word_1_195' title='bbox 773 2280 823 2342; x_wconf 84' lang='grc' dir='ltr'>τάς</span> <span class='ocrx_word' id='word_1_196' title='bbox 842 2283 893 2356; x_wconf 82' lang='grc' dir='ltr'>μὲν</span> 
     </span>
     <span class='ocr_line' id='line_1_27' title="bbox 96 2366 893 2447; baseline 0.003 -23"><span class='ocrx_word' id='word_1_197' title='bbox 96 2368 244 2443; x_wconf 85' lang='grc' dir='ltr'>ἐθελοντήν</span> <span class='ocrx_word' id='word_1_198' title='bbox 263 2373 317 2428; x_wconf 79' lang='grc' dir='ltr'>τῶν</span> <span class='ocrx_word' id='word_1_199' title='bbox 336 2368 441 2426; x_wconf 90' lang='grc' dir='ltr'>πολίων</span> <span class='ocrx_word' id='word_1_200' title='bbox 460 2366 652 2443; x_wconf 76' lang='grc' dir='ltr'>ύποκυψάσας,</span> <span class='ocrx_word' id='word_1_201' title='bbox 671 2366 720 2429; x_wconf 84' lang='grc' dir='ltr'>τάς</span> <span class='ocrx_word' id='word_1_202' title='bbox 738 2367 767 2426; x_wconf 84' lang='grc' dir='ltr'>δέ</span> <span class='ocrx_word' id='word_1_203' title='bbox 786 2366 893 2447; x_wconf 79' lang='grc' dir='ltr'>ἀνάγκη</span> 
     </span>
     <span class='ocr_line' id='line_1_28' title="bbox 95 2447 773 2536; baseline 0.001 -25"><span class='ocrx_word' id='word_1_204' title='bbox 95 2447 320 2534; x_wconf 83' lang='grc' dir='ltr'>προσηγάγοντο.</span> <span class='ocrx_word' id='word_1_205' title='bbox 362 2459 449 2513; x_wconf 84' lang='grc' dir='ltr'>ταῦτα</span> <span class='ocrx_word' id='word_1_206' title='bbox 462 2456 514 2530; x_wconf 78' lang='grc' dir='ltr'>μὲν</span> <span class='ocrx_word' id='word_1_207' title='bbox 527 2453 560 2528; x_wconf 84' lang='grc' dir='ltr'>δή</span> <span class='ocrx_word' id='word_1_208' title='bbox 576 2453 646 2513; x_wconf 80' lang='grc' dir='ltr'>οὕτω</span> <span class='ocrx_word' id='word_1_209' title='bbox 660 2455 773 2536; x_wconf 83' lang='grc' dir='ltr'>ἐγίνετο.</span> 
     </span>
    </p>

    <p class='ocr_par' dir='ltr' id='par_1_4' title="bbox 79 2537 969 3325">
     <span class='ocr_line' id='line_1_29' title="bbox 134 2537 939 2619; baseline 0 -21"><span class='ocrx_word' id='word_1_210' title='bbox 134 2540 257 2618; x_wconf 81' lang='grc' dir='ltr'>Ἱστιαίῳ</span> <span class='ocrx_word' id='word_1_211' title='bbox 272 2537 304 2600; x_wconf 39' lang='grc' dir='ltr'>’δὲ</span> <span class='ocrx_word' id='word_1_212' title='bbox 320 2547 359 2619; x_wconf 78' lang='grc' dir='ltr'>τῷ</span> <span class='ocrx_word' id='word_1_213' title='bbox 371 2541 593 2619; x_wconf 41' lang='grc' dir='ltr'>Μιλησίῳ’,ἐόντι</span> <span class='ocrx_word' id='word_1_214' title='bbox 605 2543 669 2616; x_wconf 84' lang='grc' dir='ltr'>περὶ</span> <span class='ocrx_word' id='word_1_215' title='bbox 683 2542 833 2611; x_wconf 80' lang='grc' dir='ltr'>Βυζάντιον</span> <span class='ocrx_word' id='word_1_216' title='bbox 848 2543 892 2600; x_wconf 87' lang='grc' dir='ltr'>καὶ</span> <span class='ocrx_word' id='word_1_217' title='bbox 902 2545 939 2599; x_wconf 80' lang='grc'>26</span> 
     </span>
     <span class='ocr_line' id='line_1_30' title="bbox 95 2618 892 2702; baseline 0 -16"><span class='ocrx_word' id='word_1_218' title='bbox 95 2618 331 2702; x_wconf 82' lang='grc' dir='ltr'>συλλαμβάνοντι</span> <span class='ocrx_word' id='word_1_219' title='bbox 347 2629 397 2689; x_wconf 74' lang='grc' dir='ltr'>Ιτοὶς</span> <span class='ocrx_word' id='word_1_220' title='bbox 409 2627 507 2687; x_wconf 84' lang='grc' dir='ltr'>Ἰώνων</span> <span class='ocrx_word' id='word_1_221' title='bbox 527 2627 648 2688; x_wconf 78' lang='grc' dir='ltr'>ὁλκάδας</span> <span class='ocrx_word' id='word_1_222' title='bbox 663 2628 842 2691; x_wconf 83' lang='grc' dir='ltr'>ἐκπλωούσας</span> <span class='ocrx_word' id='word_1_223' title='bbox 863 2634 892 2686; x_wconf 90' lang='grc' dir='ltr'>ἐκ</span> 
     </span>
     <span class='ocr_line' id='line_1_31' title="bbox 94 2713 890 2795; baseline 0.001 -22"><span class='ocrx_word' id='word_1_224' title='bbox 94 2719 145 2773; x_wconf 81' lang='grc' dir='ltr'>τοῦ</span> <span class='ocrx_word' id='word_1_225' title='bbox 165 2713 285 2783; x_wconf 88' lang='grc' dir='ltr'>Πόντου,</span> <span class='ocrx_word' id='word_1_226' title='bbox 305 2715 503 2794; x_wconf 82' lang='grc' dir='ltr'>ἐξαγγέλλεται</span> <span class='ocrx_word' id='word_1_227' title='bbox 524 2713 560 2774; x_wconf 80' lang='grc' dir='ltr'>τά</span> <span class='ocrx_word' id='word_1_228' title='bbox 581 2714 644 2789; x_wconf 81' lang='grc' dir='ltr'>περὶ</span> <span class='ocrx_word' id='word_1_229' title='bbox 662 2716 794 2790; x_wconf 88' lang='grc' dir='ltr'>Μίλητον</span> <span class='ocrx_word' id='word_1_230' title='bbox 815 2715 890 2795; x_wconf 88' lang='grc' dir='ltr'>γενό-</span> 
     </span>
     <span class='ocr_line' id='line_1_32' title="bbox 93 2800 891 2882; baseline -0.004 -20"><span class='ocrx_word' id='word_1_231' title='bbox 93 2828 173 2878; x_wconf 84' lang='grc' dir='ltr'>μενα.</span> <span class='ocrx_word' id='word_1_232' title='bbox 214 2802 250 2860; x_wconf 81' lang='grc' dir='ltr'>τά</span> <span class='ocrx_word' id='word_1_233' title='bbox 265 2804 316 2878; x_wconf 79' lang='grc' dir='ltr'>μὲν</span> <span class='ocrx_word' id='word_1_234' title='bbox 333 2801 366 2876; x_wconf 82' lang='grc' dir='ltr'>δή</span> <span class='ocrx_word' id='word_1_235' title='bbox 385 2802 448 2879; x_wconf 79' lang='grc' dir='ltr'>περὶ</span> <span class='ocrx_word' id='word_1_236' title='bbox 461 2801 676 2876; x_wconf 84' lang='grc' dir='ltr'>Ἑλλήσποντον</span> <span class='ocrx_word' id='word_1_237' title='bbox 691 2800 790 2880; x_wconf 78' lang='grc' dir='ltr'>ἔχοντα</span> <span class='ocrx_word' id='word_1_238' title='bbox 803 2802 891 2882; x_wconf 81' lang='grc' dir='ltr'>πρήγ·</span> 
     </span>
     <span class='ocr_line' id='line_1_33' title="bbox 94 2887 888 2966; baseline 0 -20"><span class='ocrx_word' id='word_1_239' title='bbox 94 2915 169 2965; x_wconf 91' lang='grc' dir='ltr'>ματα</span> <span class='ocrx_word' id='word_1_240' title='bbox 199 2888 343 2965; x_wconf 88' lang='grc' dir='ltr'>ἐπιτράπει</span> <span class='ocrx_word' id='word_1_241' title='bbox 374 2889 511 2966; x_wconf 84' lang='grc' dir='ltr'>Βισάλτῃ,</span> <span class='ocrx_word' id='word_1_242' title='bbox 539 2887 771 2964; x_wconf 84' lang='grc' dir='ltr'>Ἀπολλοφάνεος</span> <span class='ocrx_word' id='word_1_243' title='bbox 802 2890 888 2958; x_wconf 79' lang='grc' dir='ltr'>παιδὶ,</span> 
     </span>
     <span class='ocr_line' id='line_1_34' title="bbox 95 2975 891 3053; baseline -0.005 -19"><span class='ocrx_word' id='word_1_244' title='bbox 95 2975 251 3053; x_wconf 77' lang='grc' dir='ltr'>Ἀβυδηνῷ·</span> <span class='ocrx_word' id='word_1_245' title='bbox 272 2977 354 3039; x_wconf 82' lang='grc' dir='ltr'>αύτός</span> <span class='ocrx_word' id='word_1_246' title='bbox 374 2977 402 3034; x_wconf 85' lang='grc' dir='ltr'>δὲ</span> <span class='ocrx_word' id='word_1_247' title='bbox 422 2978 489 3053; x_wconf 82' lang='grc' dir='ltr'>ἔχων</span> <span class='ocrx_word' id='word_1_248' title='bbox 508 2975 657 3050; x_wconf 65' lang='grc' dir='ltr'>λεσβίους4</span> <span class='ocrx_word' id='word_1_249' title='bbox 670 2980 696 3036; x_wconf 89' lang='grc' dir='ltr'>ἐς</span> <span class='ocrx_word' id='word_1_250' title='bbox 713 2976 784 3032; x_wconf 89' lang='grc' dir='ltr'>Χίον</span> <span class='ocrx_word' id='word_1_251' title='bbox 802 2976 891 3041; x_wconf 81' lang='grc' dir='ltr'>ἔπλεε,</span> 
     </span>
     <span class='ocr_line' id='line_1_35' title="bbox 96 3060 901 3142; baseline -0.005 -22"><span class='ocrx_word' id='word_1_252' title='bbox 96 3065 140 3120; x_wconf 83' lang='grc' dir='ltr'>καὶ</span> <span class='ocrx_word' id='word_1_253' title='bbox 159 3064 238 3135; x_wconf 87' lang='grc' dir='ltr'>Χίων1</span> <span class='ocrx_word' id='word_1_254' title='bbox 256 3068 365 3142; x_wconf 74' lang='grc' dir='ltr'>φρουρῇ</span> <span class='ocrx_word' id='word_1_255' title='bbox 388 3062 419 3121; x_wconf 83' lang='grc' dir='ltr'>ού</span> <span class='ocrx_word' id='word_1_256' title='bbox 438 3063 613 3140; x_wconf 76' lang='grc' dir='ltr'>προσιεμένη</span> <span class='ocrx_word' id='word_1_257' title='bbox 635 3086 680 3137; x_wconf 79' lang='grc' dir='ltr'>μιν</span> <span class='ocrx_word' id='word_1_258' title='bbox 704 3060 853 3130; x_wconf 51' lang='grc' dir='ltr'>συνέβαλε</span> <span class='ocrx_word' id='word_1_259' title='bbox 868 3065 901 3113; x_wconf 59' lang='grc' dir='ltr'>ἐυ</span> 
     </span>
     <span class='ocr_line' id='line_1_36' title="bbox 88 3139 954 3244; baseline -0.017 -38"><span class='ocrx_word' id='word_1_260' title='bbox 88 3148 226 3209; x_wconf 89' lang='grc' dir='ltr'>Κοίλοισι</span> <span class='ocrx_word' id='word_1_261' title='bbox 247 3153 456 3232; x_wconf 85' lang='grc' dir='ltr'>καλεομένοισι</span> <span class='ocrx_word' id='word_1_262' title='bbox 474 3152 620 3230; x_wconf 64' lang='grc' dir='ltr'>τῆςἊίης</span> <span class='ocrx_word' id='word_1_263' title='bbox 637 3147 746 3228; x_wconf 64' lang='grc' dir='ltr'>χῶρης</span> <span class='ocrx_word' id='word_1_264' title='bbox 767 3139 876 3244; x_wconf 63' lang='grc' dir='ltr'>τουκαγ</span> <span class='ocrx_word' id='word_1_265' title='bbox 899 3159 954 3231; x_wconf 50' lang='grc' dir='ltr'>τεκ</span> 
     </span>
     <span class='ocr_line' id='line_1_37' title="bbox 79 3215 969 3325; baseline -0.03 -26"><span class='ocrx_word' id='word_1_266' title='bbox 79 3233 119 3310; x_wconf 67' lang='grc' dir='ltr'>δή</span> <span class='ocrx_word' id='word_1_267' title='bbox 136 3235 281 3312; x_wconf 75' lang='grc' dir='ltr'>ἐφόνευσε</span> <span class='ocrx_word' id='word_1_268' title='bbox 301 3242 446 3325; x_wconf 74' lang='grc' dir='ltr'>συχνούς,</span> <span class='ocrx_word' id='word_1_269' title='bbox 464 3244 592 3304; x_wconf 73' lang='grc' dir='ltr'>καὶτῶν</span> <span class='ocrx_word' id='word_1_270' title='bbox 610 3238 729 3299; x_wconf 64' lang='grc' dir='ltr'>λοιπῶν</span> <span class='ocrx_word' id='word_1_271' title='bbox 739 3227 829 3287; x_wconf 50' lang='lat' dir='ltr'>xm</span> <span class='ocrx_word' id='word_1_272' title='bbox 852 3241 907 3275; x_wconf 66' lang='grc' dir='ltr'>οκα</span> <span class='ocrx_word' id='word_1_273' title='bbox 917 3215 969 3280; x_wconf 56' lang='grc' dir='ltr'>λα</span> 
     </span>
    </p>
   </div>
   <div class='ocr_carea' id='block_1_2' title="bbox 0 0 1016 3450">
    <p class='ocr_par' dir='ltr' id='par_1_5' title="bbox 0 0 1016 3450">
     <span class='ocr_line' id='line_1_38' title="bbox 0 0 1016 3450; baseline 0 2"><span class='ocrx_word' id='word_1_274' title='bbox 0 0 1016 3450; x_wconf 95' lang='lat' dir='ltr'> </span> 
     </span>
    </p>
   </div>
  </div>
 </body>
</html>
