2024 3450
115 106 162 154 15³8
396 102 580 152 'HPOAOTOT
839 103 914 167 [VII.

119 183 271 260 κατύπερθε
283 185 338 243 τῶν
351 182 447 244 ὅπλων
466 187 517 244 τοῦ
534 183 626 244 τόνου·
648 183 740 247 θέντες
758 187 788 243 δὲ
809 186 915 261 ἐπεξῆς,

119 272 236 333 ἐνθαῦτα
260 269 336 334 αὖτις
359 271 549 352 ἐπεζεύγνυον·
577 271 746 347 ποιήσαντες
769 273 798 331 δέ
820 278 916 345 ταῦτα,

116 358 188 434 ὕλην
210 358 400 436 ἐπεφόρησαν·
423 360 519 439 κόσμῳ
541 361 570 419 δὲ
589 361 680 422 θέντες
700 362 745 417 καὶ
765 360 816 436 τήν
836 360 915 437 ὕλην,

116 451 171 527 γῆν
198 447 390 525 ἐπεφόρησαν·
421 448 619 516 κατανάξαντες
646 448 675 505 δὲ
703 449 749 505 καὶ
775 447 827 523 τήν
853 454 915 528 γῆν,

118 535 250 616 φραγμὸν
265 536 435 612 παρείρυσαν
449 535 524 594 ἐνθεν
538 535 583 591 καὶ
597 536 681 602 ἐνθεν,
697 535 740 592 ἵνα
752 535 792 609 μή
807 537 916 612 φοβέη-

116 649 163 682 ται
181 622 217 682 τοὶ
237 622 372 702 ὕποζάγια
387 623 438 698 τήν
457 622 609 681 θάλασσαν
627 621 804 698 ὑπερορῶντα
822 623 868 682 καὶ
889 627 915 684 οἱ

25 776 35 789 .
118 711 207 770 ἵπποι.
256 744 259 749 ·

1 783 6 794 ἐ
69 800 106 858 37
124 842 127 847 -
156 799 205 862 Ὡς
224 800 254 858 δὲ
273 799 309 859 τά
328 825 359 859 τε
376 804 431 860 τῶν
443 801 586 879 γεφυρέων
599 798 807 858 κατεσκεύαστο
822 799 867 868 καὶ
879 799 916 861 τά

116 889 179 964 περὶ
196 887 244 947 τόν
257 887 359 956 Ἀθων,
378 888 408 945 οἵ
421 913 452 946 τε
474 888 555 966 χυτοὶ
576 888 640 963 περὶ
660 886 695 947 τά
715 886 844 964 στόματα
864 893 915 964 τῆς

117 974 256 1052 διώρυχος,
273 975 312 1053 (οἳ
325 978 374 1049 τῆς
386 976 485 1052 ῥηχίης
498 975 598 1034 εἵνεκεν
618 975 791 1051 ἐποιήθησαν
813 976 856 1057 ίνα
873 976 914 1054 μή

115 1062 275 1137 πίμπληται
287 1060 323 1120 τοὶ
337 1061 466 1137 στόματα
478 1066 528 1122 τοῦ
548 1061 726 1144 όρύγματος,)
741 1065 787 1122 καὶ
803 1063 872 1140 αὐτή
894 1065 913 1141 ή

116 1146 215 1225 διώρυξ
226 1149 382 1212 παντελέως
394 1152 566 1226 πεποιημένη
580 1149 712 1231 ἅγγελτο·
727 1152 844 1212 ἐνθαῦτα
856 1180 913 1231 χει-

114 1236 241 1314 μερίσας,
260 1236 319 1314 ἅμα
338 1240 376 1316 τῷ
396 1239 455 1314 ἔαρι
475 1239 738 1315 παρεσκευασμένος
759 1238 775 1298 ό
794 1242 915 1317 στρατός

116 1328 146 1384 ἐκ
164 1329 219 1386 τῶν
240 1325 363 1402 Σαρδίων
382 1325 494 1404 ὦρμοῖτο
514 1330 584 1386 ἐλῶν
594 1332 631 1389 ’ἐς
645 1325 782 1403 Ἄβυδον.
798 1327 914 1406 ὥρμη-

116 1413 188 1493 μένῳ
211 1414 241 1472 δέ
262 1417 289 1473 οῖ
310 1413 326 1474 ὅ
347 1412 572 1490 ήλιοςέκλιπών
595 1415 647 1490 τήν
671 1419 701 1473 ἐκ
723 1418 773 1474 τοῦ
797 1414 913 1493 οὐρανοῦ

115 1501 196 1578 ἕδρην
217 1501 327 1579 οἷφανής
347 1501 390 1580 ἦν,
409 1502 465 1563 οὔτ’
487 1503 658 1578 ἐπινεφέλων
681 1503 786 1573 ἐόντων,
800 1504 914 1580 ,αἰθρίης

114 1606 146 1647 τε
163 1589 198 1649 τά
216 1591 352 1667 μάλιστα·
374 1590 436 1651 άντὶ
455 1591 560 1669 ήμέρης
573 1618 604 1650 τε
621 1590 670 1660 νιλξ
690 1589 807 1671 ἐγένετο·
829 1590 914 1652 ἰδόντι

114 1675 145 1735 δὲ
166 1679 211 1736 καὶ
232 1678 349 1753 μαθόντι
370 1683 454 1738 τοῦτο
475 1683 513 1757 τῷ
533 1680 623 1758 Ξέρξη
646 1681 774 1755 ἐπιμελὲς
796 1680 912 1759 ἐγένετο·

116 1765 161 1821 καὶ
189 1766 275 1841 εἴρετο
301 1767 365 1828 τούς
386 1766 497 1846 ’μάγους
524 1767 556 1827 τό
585 1768 664 1826 θέλοι
690 1768 855 1843 προφαίνειν
869 1761 913 1831 ,τό
940 1845 946 1857 x

117 1851 237 1927 φάσμα;
259 1854 285 1909 οἶ
307 1851 336 1908 δέ
357 1854 477 1929 ἔφραζον
499 1854 534 1916 οἷς
552 1855 679 1929 Ἕλλησι
704 1854 874 1930 προδεικνύει
896 1857 913 1916 ὁ

116 1938 178 2000 θεός
205 1926 327 2015 ἔκλειψίν
353 1944 408 1999 τῶν
435 1943 553 2000 πολίων·
581 1943 710 2022 λέγοντες
736 1941 818 2015 ἥλιον
844 1943 913 2004 εἶναι

115 2023 260 2101 Ἑλλήνων
279 2026 459 2103 προδέκτορα,
473 2026 596 2103 σελήνην
616 2028 645 2085 δέ
667 2028 772 2101 σφέων·
793 2030 914 2105 πυθόμε-

115 2140 161 2176 νος
181 2114 210 2173 δὲ
230 2118 318 2174 ταῦτα
338 2114 473 2193 όΞέρξης
485 2115 637 2192 περιχαρής
651 2113 702 2173 ἐών
718 2114 840 2173 ἐποιέετο
862 2117 913 2190 τήν

69 2201 106 2258 38
119 2202 225 2261 ἔλασιν.
266 2201 314 2263 Ὡς
336 2200 359 2259 δ’
378 2201 510 2276 ἐξήλαυνε
531 2200 583 2277 τήν
603 2199 746 2276 στρατιήν,
769 2200 875 2264 Πύθιος
896 2208 913 2262 ὁ

115 2288 204 2350 Λυδός
231 2287 445 2364 καταρρωδήσας
470 2287 503 2347 τό
531 2293 561 2347 ἐκ
587 2291 637 2347 τοῦ
665 2285 780 2364 οὐρανοῦ
809 2289 913 2368 φάσμα

115 2376 242 2451 ἐπαρθείς
264 2401 295 2433 τε
317 2379 394 2434 τοῖσι
418 2374 571 2452 δωρήμασι,
596 2375 685 2435 ἐλθών
707 2377 782 2453 παρά
807 2378 913 2457 Ξέρξεα

115 2463 193 2542 ἔλεγε
205 2462 280 2521 τάδε·
302 2462 349 2521 “ὦ
363 2463 495 2533 δέσποτα,
509 2462 620 2542 χρήσας
638 2462 672 2524 ἅν
691 2491 719 2524 τι
734 2469 782 2525 τεῦ
797 2468 912 2543 βουλοί-

114 2576 171 2627 μην
183 2554 284 2629 τυχεῖν,
297 2550 330 2611 τδ
344 2552 393 2612 σοὶ
406 2553 458 2629 μὲν
471 2551 598 2630 ἐλαφρόν
610 2553 741 2635 τυγχάνει
755 2553 800 2615 ἐὰν
812 2556 913 2633 ὑπουρ-

113 2642 210 2719 γῆσαι,
237 2640 300 2715 ἐμοὶ
327 2641 356 2700 δὲ
381 2641 455 2721 μέγα
477 2639 651 2720 γενόμενον·”
678 2642 783 2720 Ξέρξης
806 2644 835 2702 δὲ
857 2647 914 2703 πᾶν

113 2731 226 2803 μᾶλλον
247 2727 347 2788 δοκέων
368 2754 417 2805 μιν
438 2729 566 2807 χρηίσειν
586 2728 605 2804 ἢ
625 2729 659 2791 τό
682 2729 788 2805 ἐδεήθη,
807 2732 862 2806 ἔφη
883 2756 914 2789 τε

113 2813 300 2895 ὑπουργήσειν
321 2817 368 2875 καὶ
385 2815 554 2896 διαγορεύειν
572 2818 680 2876 ἐκέλευε
700 2816 763 2876 ὅτευ
777 2818 875 2877 δέοιτο·
897 2817 913 2877 ὁ

114 2903 144 2962 δέ
157 2902 220 2963 ἐπεί
229 2929 259 2962 τε
273 2907 361 2964 ταῦτα
377 2903 489 2980 ἤκουσε,
504 2905 584 2984 ἐλεγε
603 2904 750 2980 θαρσήσας
769 2905 844 2963 τάδε·
866 2904 914 2963 “ὦ

103 2991 241 3063 δέσποτα,
264 2992 442 3076 τυγχάνουσί
459 3018 510 3072 μοι
530 2991 625 3056 παῖδες
646 2991 736 3055 ἐόντες
756 2993 846 3061 πέντε,
868 2995 916 3052 καί

86 3084 188 3150 σφεας
200 3083 431 3164 καταλαμβάνει
451 3083 563 3147 πάντας
578 3080 638 3160 ἅμα
651 3082 702 3141 σολ
721 3079 927 3154 στρατεέιεσθαι

69 3163 125 3219 ἐπὶ
146 3167 207 3241 τήν
229 3170 379 3239 Ἐλλάδα.
408 3176 449 3241 m>
495 3178 517 3249 χ
539 3172 565 3237 ὦ
591 3173 734 3252 βασιλεῦ,
757 3169 809 3242 ἐρὶ
829 3169 860 3225 ἐς
877 3162 947 3262 τάδεΙ

52 3241 184 3327 ἤλικιθς
199 3258 320 3335 ἥκοντα
341 3270 513 3351 οἰκτείρας,
526 3269 593 3330 τῶν
608 3289 662 3343 μοι
675 3238 859 3321 παίδωνῖυα
872 3268 965 3319 παρα·
