2024 3450
99 106 205 173 17-22]
426 108 579 156 ουνλυιλ.
846 105 892 157 227

98 185 250 263 κατήκουσι
266 183 415 265 πρήγμασι
431 183 497 243 τάδε
514 185 630 260 ποιητέα
648 191 705 262 σφι
720 183 789 245 εἶναι
805 185 893 266 ἔλεγε·

96 276 151 334 τῶν
168 299 199 332 τε
217 271 367 350 προβάτων
384 276 438 331 τῶν
458 271 605 347 Εὐβοϊκῶν
621 273 765 334 καταθύειν
778 271 834 332 ὅσα
851 298 892 335 τις

98 361 199 421 ἐθέλοι·
234 360 367 438 (κρέσσον
387 358 441 439 γάρ
463 358 531 418 εἶναι
549 358 602 435 τήν
628 360 763 437 στρατιήν
783 359 893 438 ἔχεινῆ
968 363 971 369 ’

97 447 161 511 τούς
180 447 352 526 πολεμίους)
378 445 510 523 παραίνεέ
529 472 560 506 τε
576 451 718 522 προειπεῖν
735 451 811 506 τοῖσι
832 452 893 507 ἐαυ-

97 539 152 595 τῶν
172 534 306 596 ἑκάστους
326 538 382 610 πῦρ
403 531 550 593 α’νακαίειν·
578 533 694 609 κομιδῆς
715 533 743 591 δὲ
763 534 826 608 πέρι
842 534 895 609 τήν

99 621 170 699 ὥρην
194 621 268 699 αὐτῷ
287 621 430 698 μελήσειν,
461 619 534 680 ὥστε
554 618 666 683 ἀσινέας
691 618 840 679 ἀπικέσθαι
868 627 895 684 ἐς

97 708 295 784 τήνἘλλάδα.
337 711 425 767 ταῦτα
437 706 524 784 ήρεσέ
536 712 592 783 σφι
605 707 717 766 ποιέειν·
739 708 784 766 καὶ
798 706 895 767 αὐτίκα
942 770 944 774 ,

98 801 154 871 πῦρ
177 794 400 872 ἀνακαυσάμενοι
420 793 571 873 ἐτράποντο
597 795 667 872 πρὸς
692 794 728 854 τά
753 794 895 870 πρόβατα.

100 886 137 941 Οἱ
169 883 224 963 γάρ
257 881 381 958 Εὐβοέες
416 881 665 961 παραχρησάμενοι
694 881 744 944 τάν
778 881 896 946 Βάκιδος
904 885 942 943 20

99 970 230 1047 χρησμδν
257 970 293 1034 ὥς
312 969 390 1030 ούδέν
416 971 544 1052 λέγοντα,
565 969 627 1031 οὕτε
650 997 678 1029 τι
698 971 896 1047 ἐξεκομίσαντο

100 1056 177 1118 οὐδὲν
190 1057 253 1118 οὔτε
268 1057 461 1136 προεσάξαντο
476 1057 512 1122 ὥς
530 1059 723 1136 παρεσομένου
742 1065 798 1135 σφι
810 1060 896 1119 πολέ-

98 1172 160 1221 μου,
185 1147 333 1225 περιπετέα
355 1171 386 1206 τε
415 1145 584 1222 ἐποιήσαντο
612 1148 699 1224 σφίσι
724 1147 835 1207 αὐτοῖσι
858 1145 896 1208 τά

98 1234 258 1315 πρήγματα·
293 1233 391 1294 Βάκιδι
416 1234 471 1316 γάρ
499 1232 550 1293 ὧδε
577 1235 633 1313 ἔχει
660 1235 723 1311 περὶ
749 1234 853 1295 τούτων
880 1232 897 1294 ὅ

98 1324 235 1401 κνησμός·
821 1371 823 1375 ν

163 1428 253 1487 Φράζεο
269 1425 457 1488 βαρβαρόφωνον
473 1426 532 1473 ὅταν
548 1427 619 1486 ζυγὸν
636 1428 667 1474 εἰς
685 1427 734 1474 ἅλα
749 1427 834 1487 βάλλη

163 1500 283 1558 βύβλινον,
305 1497 407 1558 Εὐβοίης
425 1497 525 1556 ἀπέχειν
543 1498 714 1556 πολυμηκάδας
731 1499 811 1558 αἶγας.

99 1579 224 1639 τούτοισι
236 1580 265 1638 δὲ
278 1579 356 1639 οὐδὲν
373 1584 449 1638 τοῖσι
467 1581 548 1638 ἔπεσι
560 1582 766 1658 χρησαμένοισι
780 1587 808 1640 ἐν
820 1584 897 1640 τοῖσι

100 1666 163 1726 τότε
175 1668 315 1744 παρεοῦσί
324 1693 355 1727 τε
374 1668 419 1725 καὶ
435 1667 653 1743 προσδοκίμοισι
671 1673 790 1739 κακοῖσι,
803 1671 897 1744 παρῆν

504 1753 511 1773 ἱ

100 1758 156 1829 σφι
169 1758 305 1832 συμφορῇ
318 1755 444 1832 χρῆσθαι
457 1779 526 1830 προς
539 1753 574 1812 τά
588 1754 718 1835 μέγιστα.

141 1845 178 1901 Οἱ
193 1843 244 1918 μὲν
260 1841 294 1916 δή
313 1845 401 1901 ταῦτα
420 1842 571 1918 ἔπρησσον,
586 1846 678 1919 παρῆν
696 1843 725 1901 δὲ
744 1842 759 1904 ὁ
776 1849 805 1904 ἐκ
824 1851 894 1921 Τρη·
904 1844 941 1903 21

99 1933 177 2008 χῖνος
208 1927 395 1992 κατάσκοπος.
437 1926 472 2003 ῆν
500 1931 551 2005 μὲν
577 1929 631 2010 γάρ
662 1929 702 1990 ἐπ’
728 1930 896 2010 Ἀρτεμισίῳ

100 2017 285 2087 κατάσκοπος,
305 2015 428 2087 Πολύας,
445 2017 525 2096 γένος
542 2016 777 2096 Ἀντικυρεύς,τῷ
793 2044 896 2095 προσε-

98 2107 222 2176 τέτακτο,
246 2106 304 2187 (καὶ
325 2105 383 2184 εἶχε
398 2107 500 2164 πλοῖον
519 2109 634 2180 κατῆρες
652 2107 782 2186 ἐτοῖμον,)
799 2110 823 2165 εί
843 2132 895 2164 πα-

98 2194 197 2270 λήσειε
215 2193 231 2255 ὁ
248 2193 374 2257 ναυτικάς
389 2191 518 2270 στρατδς,
537 2193 683 2269 σημαίνειν
694 2198 771 2254 τοῖσι
787 2199 815 2254 ἐν
829 2200 896 2271 Θερ-

99 2281 246 2362 μοπύλῃσι
273 2286 360 2342 ἐοῦσι·
396 2279 431 2344 ὣς
457 2279 480 2339 δ’
501 2279 587 2344 αὕτως
614 2279 649 2356 ῆν
674 2280 853 2362 Ἀβράνυχος
878 2281 895 2342 ὁ

99 2372 263 2441 Λυσικλέος,
286 2371 443 2448 Ἀθηναῖος,
471 2369 517 2428 καὶ
542 2368 618 2446 παρά
641 2370 763 2448 Λεωνίδη
787 2374 896 2447 ἑτοῖμος

99 2461 176 2518 τοῖσι
195 2458 236 2518 ἐπ’
253 2457 422 2536 Ἀρτεμισίῳ
442 2461 521 2516 ἐοῦσι
539 2455 689 2537 ἀγγέλλειν
706 2459 895 2536 τριηκοντέρῳ,

99 2545 134 2620 ἥν
151 2571 178 2605 τι
194 2545 399 2622 καταλαμβάνῃ
418 2543 549 2621 νεάπερον
563 2545 612 2604 τᾶν
630 2544 723 2616 πεζόν.
764 2543 844 2609 οὗτος
860 2544 897 2605 ὧν

101 2632 116 2691 ὁ
129 2630 308 2709 Ἀβράνυχος
321 2629 486 2709 άπικάμενάς
499 2638 555 2706 σφι
568 2630 700 2708 ἐσήμαινε
712 2633 748 2693 τοὶ
761 2631 896 2714 γεγονότα

101 2719 324 2798 περὶλευνιδεα
344 2718 390 2778 καὶ
412 2717 462 2778 τδν
483 2718 604 2795 στρατὸν
628 2719 721 2780 αὐτοῦ·
763 2724 790 2780 οἱ
811 2721 841 2780 δὲ
862 2720 897 2784 ὦς

101 2808 236 2869 ἐπύθοντο
256 2811 352 2877 ταῦτα,
369 2805 460 2867 ούκέτι
480 2810 507 2870 ἐς
524 2805 670 2883 α’ναβολάς
687 2811 828 2868 ἐποιεῦντο
845 2808 898 2884 τήν

101 2896 292 2977 αἶποχοίρησιν·
325 2895 484 2972 ἐκομίζοντο
500 2894 530 2953 δὲ
546 2894 581 2958 ὦς
597 2896 710 2956 ἕκαστοι
727 2895 896 2973 ἐτάχθησαν,

102 2984 247 3060 Κορίνθιοι
259 2988 363 3060 τράποι
375 2981 492 3042 ὕστατοι
507 2983 537 3041 δὲ
549 2981 702 3058 Ἀθηναῖοι.
742 2980 896 3055 Ἀθηναίων
905 2985 944 3042 22

102 3070 132 3129 δέ
155 3071 216 3135 νέας
232 3070 282 3135 τάς
303 3070 405 3147 άριστα
425 3068 575 3131 πλωούσας
597 3069 796 3142 ἐπιλεξάμενος
815 3074 904 3137 Θεηκ-

103 3159 240 3234 στοκλέης
251 3157 399 3237 ἐπορεύετο
412 3158 479 3237 περὶ
491 3157 530 3217 τὰ
541 3156 657 3233 πάτιρα
666 3148 933 3248 ἶλατα,ἐυηέςρυιςυ
940 3224 955 3237 .

95 3250 127 3305 ἐν
137 3247 215 3307 τοῖσι
230 3246 343 3310 λίθοισι
361 3246 539 3332 γράμματα,
549 3241 710 3307 τᾶῚωνες
721 3233 914 3296 {mmmm
923 3243 973 3290 m
