2024 3450
70 115 118 163 τοι
373 108 557 159 'immoror
808 106 877 174 [lx.
981 40 988 167 ί

69 222 157 276 ρεσαν
170 197 258 256 αὐτῶν
272 195 441 264 ἑξακοσίους,
458 193 524 258 τούς
536 194 567 254 δέ
579 193 698 259 λοιπούς
713 194 877 274 κατήραέαν

22 288 60 346 70
71 285 212 347 διώκοντες
225 288 252 346 ἐς
263 281 313 342 τᾶν
323 284 496 359 Κιθαιρῶνα.
532 280 619 342 Οὗτοι
628 281 726 358 μένδῆ
740 287 772 343 ἐν
785 285 877 345 ούδενὶ

69 371 146 452 λόγῳ
162 370 319 430 ἀπώλοντο·
340 373 367 430 οἶ
385 371 545 448 δέ·Πέρσαι
562 370 608 428 καὶ
626 369 642 428 ὁ
660 369 752 434 ἄλλος
766 370 875 448 ὅμιλος,

69 459 105 522 οἷς
115 459 273 540 κατέφυγον
287 464 313 522 ἐς
326 458 359 518 τδ
373 458 485 528 ξύλινον
492 462 593 537 τεῖχος,
607 458 739 533 ἔφθησαν
754 459 801 519 ἐπὶ
811 461 878 525 τούς

69 549 192 630 πύργους
206 547 361 624 ἀναβάντες
374 546 439 623 πρὶν
451 544 470 622 ῆ
482 546 548 610 τούς
560 545 799 623 Λακεδαιμονίους
813 549 878 609 α’πι-

71 638 181 698 κέσθαι·
202 635 357 712 ἀναβάντες
371 634 400 693 δὲ
413 633 570 711 ἐφράξαπο
581 633 616 696 ὦς
625 631 763 709 ἠδυνέατο
772 634 879 713 ἄριστα

71 726 104 786 τδ
127 730 230 806 τεῖχος·
259 722 474 801 προσελθόντων
501 722 530 781 δέ
556 726 612 782 τῶν
639 722 878 799 Λακεδαιμονίων,

72 815 241 889 κατεστήκεέ
253 819 309 889 σφι
322 811 489 890 τειχομαχίη
507 811 741 887 ἐρρωμενεστέρη·
763 811 814 875 ἔως
826 816 879 889 μὲν

74 901 129 981 γάρ
151 902 266 977 αἰτῆσαν
280 904 306 959 οἶ
319 899 471 974 Ἀθηναῖοι,
486 901 512 958 αἱ
526 897 548 956 δ’
562 896 701 974 ἠμύνοντο
715 899 764 959 καὶ
777 904 879 979 πολλᾷ
926 938 928 943 ,

72 990 161 1048 πλέον
177 989 253 1065 εἶχον
270 992 325 1046 τῶν
349 985 580 1062 Λακεδαιμονίων,
595 984 668 1044 ὥστε
692 984 743 1045 οὐκ
762 991 879 1048 ἐπιστα-

70 1075 160 1151 μένων
177 1076 378 1152 τειχομαχέειν·
400 1073 436 1136 αίς
456 1074 488 1133 δέ
507 1079 562 1148 σφι
579 1075 606 1132 οἶ
620 1071 767 1149 Ἀθηναῖοι
786 1102 879 1153 προσ

71 1162 170 1238 ῆλθον,
185 1161 255 1220 οὕτω
272 1161 306 1236 δῆ
323 1160 426 1239 ίσχυρῆ
444 1161 549 1240 ἐγίνετο
567 1162 736 1241 τειχομαχίη
749 1164 798 1222 καὶ
809 1164 878 1243 χρό-

74 1275 123 1310 νον
143 1251 189 1311 ἐπὶ
215 1248 335 1309 πολλόν·
369 1250 452 1312 τέλος
473 1248 510 1318 δὲ,
534 1247 619 1328 άρετῆ
639 1275 671 1309 τε
693 1251 741 1309 καὶ
757 1253 878 1331 λιπαρίῃ

73 1340 221 1414 ἐπέβησαν
236 1337 380 1412 Ἀθηναῖοι
397 1340 447 1396 τοῦ
464 1333 579 1417 τείχέος,
594 1337 641 1396 καὶ
656 1335 769 1415 ἤριπον·
789 1343 827 1418 τῆ
842 1340 879 1416 δῆ

74 1428 221 1504 ἐσεχέοντο
232 1430 258 1485 οἶ
267 1425 415 1501 Ἕλληνες.
445 1430 549 1502 πρῶτοι
563 1426 593 1485 δέ
602 1426 728 1501 ἐσῆλθον
740 1431 878 1507 Τεγεῆται

75 1518 102 1576 ἐς
117 1515 150 1574 τδ
168 1519 270 1593 τεῖχος·
292 1515 338 1573 καὶ
355 1513 407 1590 τῆν
423 1513 531 1589 σκηνῆν
546 1512 598 1589 τῆν
617 1513 779 1590 Μαρδονίου
799 1512 878 1576 οὗτοι

74 1600 150 1677 ἦσαν
166 1605 192 1662 οἱ
211 1602 421 1680 διαρπάσαντες,
435 1602 471 1662 τά
488 1628 519 1662 τε
533 1600 610 1662 ἅλλα
624 1602 655 1671 ἐξ
667 1600 753 1677 σῆς
765 1602 813 1662 καὶ
824 1603 879 1680 τῆν

75 1690 184 1766 φάτνην
199 1694 253 1751 τῶν
271 1692 361 1750 ἵππων
378 1694 479 1749 ἐοῦσαν
496 1690 620 1768 χαλκέην
637 1693 733 1750 πᾶσαν
749 1691 796 1749 καὶ
813 1691 879 1768 θέης

76 1776 162 1852 αἰξίην.
205 1778 256 1852 τῆν
273 1779 326 1853 μέν
344 1804 392 1837 νυν
408 1776 517 1853 φάτνην
533 1777 636 1853 ταύτην
648 1777 701 1853 τῆν
714 1778 879 1855 Μαρδονίου

75 1862 211 1923 ἀνέθεσαν
222 1869 248 1927 ἐς
259 1864 307 1923 τὸν
317 1863 383 1939 νηὸν
396 1869 445 1940 τῆς
458 1863 561 1940 Ἀλέης
569 1863 718 1941 Ἀθηναίης
730 1869 878 1945 Τεγεῆται·

74 1949 110 2009 τά
124 1950 153 2009 δέ
163 1949 241 2011 ἄλλα
251 1955 279 2015 ἐς
289 1950 385 2023 τάυτό,
396 1951 505 2028 ὅσαπερ
518 1953 634 2029 ἔλαβον,
645 1952 792 2028 ἐσήνεικαν
801 1957 880 2015 τοῖσι

72 2036 205 2117 Ἕλλησι.
244 2043 270 2100 οἱ
288 2040 318 2099 δέ
338 2038 484 2115 βάρβαροι
507 2038 585 2099 ούδέν
603 2040 643 2099 ἔτι
659 2043 764 2115 στῖφος
784 2042 880 2119 ἐποιή-

75 2154 164 2189 σαντο
184 2128 320 2190 πεσόντος
340 2132 390 2187 τοῦ
409 2128 523 2205 τείχεος,
539 2125 604 2186 οὔτε
622 2152 666 2190 τις
686 2126 776 2189 αύτῶν
788 2128 881 2207 άλκῆς

77 2216 226 2292 ἐμέμνητο·
247 2214 402 2284 ἀλύκταζόν
412 2240 443 2272 τε
457 2215 503 2273 οἶα
517 2219 546 2274 ἐν
555 2213 644 2296 ὀλίγῳ
655 2215 737 2294 χύριρ
746 2219 880 2294 πεφοβη-

75 2301 154 2376 μένοι
161 2327 192 2360 τε
200 2303 247 2359 καὶ
254 2302 362 2360 πολλαὶ
370 2301 501 2376 μυριάδες
512 2304 708 2379 κατειλημέναι
716 2301 881 2380 ἀνθρώπων·

74 2391 167 2464 παρῆν
183 2413 215 2447 τε
230 2392 307 2447 τοῖσι
317 2387 446 2464 Ἕλλησι
467 2388 594 2463 φονεύειν
614 2389 694 2461 οὕτω,
710 2390 784 2451 ὥστε
803 2393 880 2470 τριή-

76 2501 159 2534 κοντα
167 2474 307 2551 μυριάδων
318 2481 449 2553 στρατοῦ,
462 2477 669 2538 καταδεουσέων
677 2479 822 2556 τεσσέρων
829 2480 882 2544 τὰς

76 2564 146 2641 ἔχων
168 2562 345 2639 Ἀρτάβαζος
371 2566 478 2645 ἔφευγε,
505 2568 561 2625 τῶν
583 2569 690 2626 λοιπῶν
712 2566 784 2644 μηδὶ
806 2571 883 2645 τρεῖς

74 2648 203 2728 χιλιάδας
230 2653 435 2732 περιγενέσθαι·
465 2654 690 2730 Λακεδαιμονίων
716 2655 746 2714 δέ
770 2658 828 2716 τῶν
849 2660 882 2715 ἐκ

77 2737 208 2814 Σπάρτης
224 2736 362 2799 αἷπέθανον
382 2744 408 2800 οἶ
424 2740 525 2805 πάντες
539 2746 568 2801 ἐν
581 2746 616 2819 τῇ
630 2744 770 2822 συμβολῇ
782 2742 822 2807 εἲς
835 2743 883 2802 καὶ

76 2826 262 2903 ἐννενήκοντα,
277 2828 433 2908 Τεγεητέων
454 2827 483 2887 δέ
504 2829 655 2898 ἑκκαίδεκα,
675 2828 832 2906 Ἀθηναίων
851 2829 883 2889 δέ

27 2990 31 2998 ι
77 2915 126 2976 δύο
140 2916 186 2975 καὶ
199 2915 381 2993 πεντήκοντα.

29 3001 66 3063 71
118 3005 289 3082 Ἠρίστευσε
302 3005 332 3065 δὲ
345 3008 400 3065 τῶν
417 3004 582 3082 βαρβάρων,
596 3004 680 3076 τεζδς
698 3007 751 3082 μὲν
770 3004 787 3071 ὅ
807 3010 883 3084 Πιρ-

74 3092 154 3169 σέων,
167 3094 253 3159 ἵππος
263 3094 321 3173 δέῆ
333 3093 453 3161 Σακέων·
467 3090 537 3169 άνῆρ
548 3093 578 3152 δέ
589 3093 702 3172 λέγεται
712 3092 884 3170 Μαρδόνιος·

22 3198 38 3249 λ
65 3179 218 3263 Ἐλληνων
238 3186 277 3260 δὲ,
296 3185 413 3272 ἀγαθῶν
430 3181 589 3269 γενομένων
608 3180 655 3238 καὶ
666 3179 893 3279 Τεγηητέων“κιίι

70 3274 231 3352 Ιθηνσίων,
240 3278 474 3360 ὑπερεβάλοντο
485 3272 576 3351 ἇρετῆ
587 3263 814 3333 mmmmm·
829 3262 914 3331 Μ
