2024 3450
65 104 203 167 119-12'2]
366 107 554 158 KAAMOHH.
814 107 862 163 337

63 188 155 265 ἔφερε·
182 186 374 270 ἀπαγαγόντες
394 189 424 248 δὲ
442 187 526 250 αύτάν
542 194 570 254 ές
586 189 639 266 τὴν
656 187 743 268 άκτῆν
763 195 791 255 ἔς
810 192 863 268 τήν
887 188 892 196 ’

62 275 168 351 Ξέρξης
190 276 279 346 ἔζευξε
302 275 352 336 τόν
373 275 468 353 πόρον,
494 277 534 356 (οἱ
555 277 585 336 δὲ
608 278 793 359 λέγουσι.ε’πὶ
812 280 862 341 τὸν

62 361 185 422 κολωνὸν
205 362 255 422 τᾶν
275 362 344 440 ύπὲρ
363 363 496 423 Μαδύτου
514 365 634 445 πόλιος,)
656 367 756 425 σανιδα
772 395 861 444 προσ-

62 449 323 520 πασσαλεύσαντες,
352 449 554 528 άνεκρέμασαν·
587 453 636 512 τόν
659 453 689 512 δὲ
715 454 801 512 παῖδα
833 460 862 515 ἐν
928 502 929 505 ,

63 535 242 614 ὀφθαλμοῖσι
254 541 304 597 τοῦ
314 537 487 615 Ἀρταΰκτεω
503 541 684 600 κατέλευσαν.
705 545 799 599 Ταῦτα
812 541 841 600 δὲ
852 542 907 601 121

62 624 231 700 ποιήσαντες
248 623 390 691 ἀπέπλεον
410 631 437 688 ἐς
454 626 505 702 τήν
525 627 661 698 Ἑλλάδα,
677 626 714 687 τά
732 652 763 686 τε
783 626 861 688 ἅλλα

61 710 194 790 χρήματα
210 710 323 793 ἄγοντες
339 713 385 771 καὶ
398 712 432 788 δή
447 714 493 771 καὶ
506 713 542 774 τά
554 713 631 773 ὅπλα
643 719 699 774 τῶν
710 716 861 795 γεφυρέων,

63 797 99 862 οἷς
111 797 298 875 α’ναθήσοντες
316 805 344 862 ές
362 799 398 860 τά
420 799 474 878 ἱρά·
499 801 545 875 καὶ
562 800 631 859 κατά
652 800 685 860 τδ
702 802 762 864 ἔτος
776 806 860 862 τοῦτο

63 885 141 946 ούδέν
154 888 193 945 ἔτι
205 888 293 948 πλέον
306 888 410 947 τούτων
423 888 540 968 ἐγένετο.

104 973 210 1034 Τούτου
223 975 252 1034 δὲ
265 979 316 1035 τοῦ
329 974 502 1052 Ἀρταΰκτεω
514 980 564 1036 τοῦ
583 975 841 1055 ἀνακρεμασθέντος
853 981 909 1037 122

62 1061 212 1139 προπάτωρ
234 1062 429 1141 Ἀρτεμβάρης
453 1066 515 1124 ε’στὶ
536 1064 551 1124 ὁ
573 1066 704 1144 Πέρσησι
725 1066 860 1148 ἐξηγησά-

62 1175 145 1227 μενος
165 1149 260 1231 λόγον,
275 1151 325 1212 τόν
344 1156 442 1213 ε’κεῖνοι
461 1152 656 1229 ὑπολαβόντες
674 1154 757 1233 Κύρῳ
773 1180 862 1231 προσ-

63 1236 182 1314 ήνεικαν,
210 1239 330 1321 λέγοντα
349 1240 424 1300 τάδε·
449 1252 467 1277 “
475 1241 535 1300 ἐπεὶ
555 1241 622 1304 Ζεύς
641 1242 775 1319 Πέρσησι
797 1241 861 1322 ἦγε-

62 1327 162 1404 μονίην
170 1327 248 1397 διδοῖ,
258 1326 362 1404 άνδρῶν
370 1328 399 1386 δὲ
407 1328 463 1397 σοὶ,
472 1331 556 1404 Κῦρε,
566 1327 689 1387 κατελὼν
695 1326 862 1406 Ἀστυάγεα·

63 1413 140 1490 φέρε,
152 1417 207 1496 γῆν
220 1414 274 1494 γάρ
289 1413 426 1490 ἐκτήμεθα
443 1413 543 1494 ὀλίγην
560 1414 607 1471 καὶ
619 1411 721 1488 ταύτην
733 1414 860 1490 τρηχέην,

63 1502 285 1578 μεταναστάντες
298 1507 328 1560 έκ
341 1500 442 1576 ταύτης
452 1499 544 1576 ἄλλην
555 1501 658 1579 ἔχωμεν
668 1498 778 1576 άμείνω.
807 1501 863 1560 εἶσὶ

64 1587 94 1647 δὲ
105 1589 214 1648 πολλαὶ
226 1592 278 1666 μὲν
291 1587 483 1669 α’στυγείτονες
496 1588 604 1646 πολλαὶ
614 1588 643 1645 δὲ
654 1587 700 1645 καὶ
714 1587 861 1663 ἑκαστέρω·

63 1679 118 1737 τῶν
139 1677 206 1753 μίαν
227 1676 345 1754 σχόντες
366 1677 470 1735 πλέοσι
495 1674 617 1750 ἐσόμεθα
641 1672 861 1751 θωμαστότεροι·

64 1762 139 1826 οἰκός
152 1763 181 1822 δὲ
194 1762 331 1841 ἄρχοντας
348 1762 447 1838 ἄνδρας
464 1764 579 1821 τοιαῦτα
597 1761 708 1821 ποιέειν·
731 1760 794 1821 κότε
807 1761 862 1842 γάρ

60 1849 98 1926 δή
111 1851 158 1909 καὶ
171 1849 284 1926 παρέξει
298 1849 424 1919 κάλλιον,
438 1848 456 1924 ἢ
470 1847 516 1908 ὅτε
528 1874 562 1928 γε
578 1848 727 1926 ἀνθρώπων
743 1876 775 1909 τε
792 1854 861 1909 πολ·

62 1940 122 1996 λῶν
135 1935 258 2013 ἄρχομεν
270 1936 363 2012 πάσης
376 1961 407 1996 τε
419 1940 470 2011 τῆς
482 1936 582 2012 Ἀσίης
591 1935 614 2005 ;”
633 1936 725 2014 Κύρος
736 1937 862 1997 δὲταῦτα
892 2012 899 2026 ·

64 2022 194 2092 οἰκούσας,
209 2023 256 2080 καὶ
269 2023 301 2081 ού
315 2021 448 2099 θωμάσας
460 2023 510 2083 τόν
524 2023 619 2103 λόγον,
634 2026 742 2083 ἐκέλευε
760 2024 864 2083 ποιέειν

63 2102 160 2170 ταῦτα·
188 2109 258 2169 οὕτω
280 2111 310 2169 δὲ
336 2108 447 2170 αὐτοῖσι
469 2111 607 2188 παραίνεε,
630 2109 748 2169 κελεύων
773 2136 860 2186 παρα-

64 2197 249 2271 σκευάζεσθαι
277 2198 312 2263 ἰδς
329 2197 423 2270 ,οὐκέτι
442 2196 576 2278 ἄρξοντας
599 2197 666 2258 ἀλλ’
687 2196 862 2275 ἀρξομένους·

64 2289 173 2363 φιλέειν
185 2288 240 2370 γάρ
253 2293 284 2348 ἐκ
296 2292 350 2349 τῶν
359 2292 493 2366 μαλακῶν
503 2287 600 2366 χώρων
609 2286 752 2365 μαλακούς
762 2286 863 2366 ἄνδρας

64 2376 200 2454 γίνεσθαι·
224 2377 255 2436 ού
268 2377 323 2459 γάρ
336 2404 380 2437 τοι
393 2382 444 2454 τῆς
457 2377 542 2453 αὐτῆς
554 2382 607 2457 γῆς
623 2377 692 2437 εἶναι
708 2376 815 2455 καρπόν
831 2403 862 2438 τε

65 2459 215 2535 θωμαστὸν
236 2465 316 2538 φύειν
340 2466 385 2523 καὶ
406 2464 505 2542 ἄνδρας
529 2464 650 2546 ἀγαθούς
672 2464 708 2525 τά
728 2466 861 2542 πολέμια·

65 2544 138 2604 ὥστε
152 2549 318 2627 συγγνόντες
331 2551 443 2627 Πέρσαι
455 2553 566 2629 οἴχοντο
579 2551 760 2622 ἀποστάντες,
774 2557 862 2612 ἑσσω-

65 2632 157 2696 θέντες
180 2637 216 2711 rs}
242 2633 338 2713 γνώμῃ
361 2636 431 2712 πρὸς
452 2637 557 2712 Κύρου·
585 2637 680 2717 ἄρχειν
700 2665 731 2699 τε
752 2640 862 2701 εἴλοντο

64 2719 176 2800 λυπρὴν
193 2721 328 2784 οἰκέοντες
344 2725 465 2798 μᾶλλον,
478 2721 497 2799 ἢ
509 2723 625 2784 πεδιάδα
638 2728 799 2806 σπείροντες
811 2727 861 2786 ἅλ-

64 2812 144 2869 λοισι
158 2808 307 2869 δουλεύειν.

232 3022 404 3073 ΗΡΟΔΟΤΟΤ
423 3022 590 3073 ἸΣΤΟΡΙΩΝ
612 3022 742 3071 ’mmm

243 3222 452 3416 ,W
492 3227 752 3344 yffiffl.
