2024 3450
152 115 201 165 τοι
457 109 641 159 Ἧυοιοτου
860 111 954 177 svm.

153 214 249 271 γοντα·
274 187 381 250 ἰδόντας
399 185 429 247 δὲ
448 187 515 250 τούς
531 187 696 264 Κορινθίους
710 187 763 264 την
779 197 959 272 στρατηγίδα

154 276 326 356 φεύγουσαν,
338 273 467 338 ὦσαύτως
480 276 619 354 οἴχεσθαι·
640 275 676 338 οἷς
689 276 718 334 δέ
731 274 786 352 άρα
800 277 957 358 φεύγοντας

153 364 284 444 γίνεσθαι
305 368 356 440 τῆς
379 365 551 441 Σαλαμινίης
575 365 646 423 κατά
667 364 701 424 τύ
723 363 784 440 ἱράν
806 363 957 444 Ἀθηναίης

155 452 298 530 Σκιράδος,
311 454 485 530 περιπίπτειν
499 459 555 529 σφι
568 453 673 528 κέλητα
686 453 747 530 θείη
765 458 877 532 πομπῇ·
906 455 956 516 τᾶν

154 539 218 601 ούτε
230 543 380 619 πέμψαντα
394 545 516 617 φανῆναι
532 540 637 610 ούδένα,
652 538 714 600 ούτε
727 567 756 600 τι
766 544 823 600 τῶν
835 540 893 602 άπό
907 548 956 620 τῆς

154 634 289 706 στρατιῆς
308 629 397 689 εἰδόσι
422 629 638 706 προσφέρεσθαι
663 632 741 688 τοῖσι
766 630 956 706 Κορινθίοισι·

153 717 220 796 τῇδε
240 717 270 776 δὲ
290 718 509 794 συμβάλλονται
530 717 598 776 εἶναι
619 718 694 776 θεῖον
713 716 746 777 τύ
765 721 895 798 πρῆγμα·
920 720 957 783 οἷς

153 806 209 885 γοὶρ
222 805 313 886 άγχοῦ
326 807 458 887 γενέσθω
469 809 524 865 τῶν
536 808 609 881 νηῶν
618 806 683 868 τούς
696 805 752 865 άπδ
765 810 816 865 τοῦ
829 807 955 882 κέλητος,

155 895 248 974 λέγειν
267 894 342 953 τάδε·
364 904 381 928 “
389 892 559 968 Ἀδείμαντε,
573 892 611 951 σύ
631 896 683 967 μὲν
703 892 885 972 ἀποστρέψας
906 895 957 959 τάς

155 984 228 1051 ναῦς,
241 986 268 1043 ἐς
303 980 373 1060 νγὴν
387 980 515 1056 ὥρμησαι
529 979 719 1056 καταπροδούς
727 980 792 1043 τούς
799 979 955 1057 Ἕλληνας·

154 1069 182 1125 οἱ
201 1068 231 1125 δὲ
244 1068 290 1125 καὶ
303 1067 337 1143 δή
352 1071 457 1136 νικῶσι,
471 1065 541 1127 ὅσον
555 1067 634 1126 αύτοὶ
647 1067 753 1144 ἠρῶντο
767 1073 956 1145 ἐπικρατῆσαι

154 1157 210 1214 τῶν
230 1153 361 1234 ἐχθροῖν·”
394 1160 482 1214 ταῦτα
502 1153 640 1236 λεγόντων
665 1154 809 1216 ἀπιστέειν
827 1156 884 1236 γάρ
907 1158 956 1218 τὸν

154 1240 341 1318 Ἀδείμαντον,
356 1242 433 1306 αύτις
445 1242 511 1303 τάδε
528 1244 629 1323 λέγειν,
644 1241 680 1306 οἷς
692 1242 771 1302 αύτοὶ
789 1244 889 1304 οἷοίτε
903 1245 956 1305 εἶεν

90 1350 93 1355 “
154 1329 287 1412 άγόμενοι
305 1331 406 1408 ὅμηροι
423 1329 620 1406 ἀποθνήσκειν,
634 1329 669 1407 ἦν
686 1330 727 1408 μή
744 1334 870 1397 νικῶντες
890 1331 956 1409 φαί-

154 1444 253 1479 νωνται
276 1422 303 1480 οἱ
323 1418 472 1495 Ἕλληνες·
513 1417 584 1478 οὕτω
608 1417 642 1494 δὴ
666 1417 886 1497 ἀποστρέψαντα
904 1422 956 1496 τὴν

157 1511 210 1582 νῆα
231 1507 315 1568 αύτύν
335 1533 367 1568 τε
386 1507 432 1566 καὶ
449 1505 515 1570 τούς
532 1505 644 1578 ἄλλους,
666 1506 710 1565 ἐπ’
725 1507 956 1588 ἐξεργασμένοισι

155 1595 248 1654 ἐλθεῖν
274 1600 301 1659 ἐς
327 1594 360 1655 τά
384 1593 584 1670 στρατόπεδον.
627 1593 741 1656 τούτους
766 1597 819 1672 μὲν
839 1595 957 1673 τοιαύτη

154 1681 239 1756 φάτις
265 1684 322 1762 ἔχει
349 1683 403 1742 ύπό
429 1681 593 1758 Ἀθηναίων·
634 1679 667 1740 ού
692 1682 789 1759 μέντοι
814 1681 899 1743 αύτοί
923 1711 957 1766 γε

155 1771 300 1845 Κορίνθιοι
327 1769 525 1851 ὁμολογέουσι,
552 1768 617 1829 ἄλλ’
645 1775 674 1829 ἐν
699 1770 836 1847 προίτοισι
862 1774 957 1848 σφέας

154 1855 255 1920 αύτούς
266 1861 317 1933 τῆς
330 1857 484 1936 ναυμαχίης
500 1859 645 1935 νομίζουσι
659 1858 800 1937 γενέσθαι·
820 1864 958 1937 μαρτυρεῖ

154 1944 186 2004 δέ
196 1951 253 2021 σφι
267 1945 312 2004 καὶ
324 1943 344 2021 ηι
357 1943 434 2021 άλλη
446 1944 561 2009 Ἑλλάς.
778 1947 781 1954 ’

107 2034 146 2092 95
194 2032 368 2111 Ἀριστειδης
384 2031 442 2093 δὲδ
458 2032 635 2112 Λυσιμάχου,
651 2031 721 2110 ἀνὴρ
734 2032 890 2108 Ἀθηναῖος,
905 2041 956 2096 τοῦ

157 2122 203 2180 καὶ
215 2120 302 2202 ὀλίγῳ
311 2148 339 2181 τι
349 2120 485 2198 πρότερον
497 2121 602 2181 τούτων
615 2120 793 2197 ἐπεμνήσθην
806 2118 843 2184 οἷς
855 2120 957 2200 α’νδρὸς

154 2208 279 2284 ἀρίστου,
294 2207 374 2271 οὗτος
392 2214 421 2267 ἐν
437 2213 476 2286 τῷ
493 2207 605 2288 θορύβῳ
623 2208 710 2288 τούτῳ
727 2213 765 2288 τῳ“
780 2208 844 2285 περὶ
860 2210 956 2272 Σαλα-

154 2300 221 2372 μῖνα
247 2297 384 2375 γενομένῳ
409 2293 475 2355 τάδε
495 2294 594 2354 ἐποίεε·
628 2296 804 2374 παραλαβὼν
818 2299 957 2364 ’πολλούς

154 2386 209 2441 τῶν
221 2381 358 2441 ὁπλιτέων
374 2381 400 2440 οἳ
415 2381 627 2460 παρατετάχατο
645 2383 722 2461 παρά
736 2384 789 2460 τὴν
804 2383 892 2460 α’,κτήν
904 2392 958 2462 τῆς

155 2470 326 2546 Σαλαμινίης
345 2468 445 2547 χύρης,
472 2469 552 2550 γίγας
572 2469 662 2534 ἐόντες
681 2471 832 2548 Ἀθηναῖοι,
853 2476 882 2535 ἐς
902 2473 957 2550 την

154 2557 326 2617 Ψυττάλειαν
342 2562 430 2632 νῆσον
451 2556 582 2635 ἀπέβησε
602 2558 684 2639 ἄγων,
705 2561 732 2620 οἳ
751 2559 816 2624 τούς
837 2560 957 2638 Πέρσας

153 2645 217 2707 τούς
231 2650 259 2703 ἐν
273 2649 308 2723 τῇ
322 2644 414 2720 νησίδι
427 2644 514 2725 ταύτῃ
527 2647 735 2722 κατεφόνευσαν
747 2648 863 2711 πάντας.

107 2736 144 2794 96
193 2731 242 2795 Ὡς
264 2731 294 2790 δέ
320 2731 339 2808 ἡ
359 2734 499 2811 ναυμαχίη
520 2732 673 2805 διελέλυτο,
695 2736 907 2814 κατειρύσαντες
928 2743 957 2801 ἐς

152 2820 204 2897 τὴν
218 2822 365 2897 Σαλαμῖνα
379 2823 406 2880 οἱ
418 2819 558 2895 Ἕλληνες
573 2827 628 2883 τῶν
643 2825 779 2904 ναυηγίων
796 2822 853 2885 ὅσα
865 2825 957 2906 ταύτῃ

154 2909 287 2991 ἐτύγχανε
297 2909 337 2968 έτι
348 2908 436 2978 ἐόντα,
448 2911 554 2986 ἐτοῖμοι
563 2908 637 2986 ἦσαν
648 2916 675 2974 ἐς
684 2910 777 2988 ἄλλην
786 2913 954 2990 ναυμαχίην,

154 2999 312 3069 ἐλπίζοντες
333 3000 402 3076 τῇσι
427 2996 610 3076 περιεούσῃσι
629 2999 712 3073 νηυσὶ
733 3002 773 3059 ἐτι
791 2999 957 3079 χρήσεσθαι

140 3086 286 3161 βασιλέα·
307 3088 363 3149 τῶν
376 3084 407 3147 δέ
420 3085 558 3168 ναυηγίων
570 3085 669 3146 πολλὰ
682 3086 837 3164 ύτολαβῶν
853 3086 958 3163 ἄνεμος

36 3206 42 3231 ι
132 3174 269 3254 ζέφυρος,
302 3179 390 3259 ἔφερε
418 3181 471 3257 τῆς
496 3173 634 3252 ’λττικῆς
661 3174 709 3233 ἐπὶ
733 3173 784 3246 τὴν
810 3171 894 3243 ἦὶίινα
913 3175 968 3244 τὴν

121 3267 321 3350 Καθεομένην
332 3270 493 3334 Κωλιάδα·
509 3266 591 3330 ὥστε
599 3263 779 3335 άπαπλῆσοι
788 3255 840 3315 τδυ
852 3255 988 3329 xpm&
