2024 3450
109 90 247 155 119-152]
430 89 615 140 ΠΟΛΤΜΝῙΑ.
864 98 908 145 181

108 169 245 247 οὐδαμούς
262 169 379 248 μέζονας
399 167 490 244 ὖμέων
508 166 589 236 άξω.”
630 173 717 229 ταῦτα
738 167 910 236 α’κοάσαντας

106 256 249 338 Ἀργείους
273 258 385 336 λέγεται
406 259 523 336 πρῆγμα
545 256 730 332 ποιήσασθαι,
753 259 798 315 καὶ
821 285 909 335 παρα-

106 348 203 421 χρῆμα
221 346 272 419 μὲν
290 343 367 402 ου’δὲν
387 344 647 424 ἐπαγγελλομένους
666 346 828 420 μεταιτέειν·
850 348 909 407 ἐπεὶ
959 400 961 404 ,

107 431 138 490 δέ
157 438 247 508 σφεας
269 430 504 508 παραλαμβάνειν
524 432 588 495 τούς
603 431 755 507 Έλληνας,
775 433 845 494 οὕτω
865 436 907 512 δη,

106 520 305 596 ἐπισταμένους
323 518 366 578 ὅτι
385 519 417 578 οὗ
435 517 632 596 μεταδώσουσι
649 524 699 595 τῆς
715 520 804 599 ἀρχῆς
819 530 907 582 Λακε·
947 566 950 570 -

104 607 249 684 δαιμόνιοι,
271 608 432 685 μεταιτέειν,
461 607 505 667 ἵνα
529 608 575 665 ε’πὶ
601 607 763 684 προφάσιος
785 610 907 688 ἡσυχίην

103 694 202 775 άγωσι.
239 698 398 771 Συμπεσεῖν
409 696 438 753 δὲ
447 694 573 754 τούτοισι
587 696 632 754 καὶ
645 695 724 754 τόνδε
737 696 787 755 τάν
800 697 887 778 λόγον
896 700 950 760 151

103 783 224 864 λέγουσί
248 809 318 845 τινες
344 781 496 857 Ἑλλήνων,
521 787 658 842 πολλοῖσι
686 785 761 843 ἔτεσι
787 782 904 861 ὕστερον

101 869 251 950 γενόμενον
264 869 375 930 τούτων·
396 875 490 950 τυχεῖν
505 877 533 931 ε’ν
548 871 685 935 Σούσοισι
700 875 776 931 τοῖσι
794 880 904 948 Μεμνο-

102 957 187 1017 νίοισι
215 958 307 1023 ε’όντας
334 959 427 1036 ἑτέρου
453 959 617 1042 πρήγματος
648 962 736 1020 εἵνεκα
767 960 903 1042 οἷγγέλους

101 1044 260 1122 Ἀθηναίων,
273 1049 404 1125 Καλλίην
417 1074 448 1109 τε
461 1049 510 1110 τόν
522 1048 684 1109 Ἱππονίκου
698 1051 743 1107 καὶ
756 1050 819 1112 τούς
831 1051 902 1126 μετά

99 1135 198 1196 τούτου
219 1135 387 1214 α’ναβάντας·
408 1137 552 1220 Ἀργείους
573 1138 611 1205 δὲ,
629 1137 678 1196 τὸν
700 1137 783 1196 αὐτὸν
803 1143 901 1197 τοῦτον

98 1224 200 1301 χρόνον
218 1226 381 1304 πέμψαντας
398 1226 443 1284 καὶ
461 1225 575 1288 τούτους
595 1229 622 1287 ἒς
641 1226 737 1287 Σοῦσα
755 1224 900 1303 ἀγγέλους,

100 1315 212 1390 εἰρωτᾶν
225 1313 409 1390 Ἀρταξέρξεα
424 1313 474 1372 τάν
490 1313 598 1389 Ξέρξεω
617 1313 641 1369 εί
658 1318 713 1386 σφι
732 1314 771 1369 ἔτι
791 1314 900 1386 ε’μμένει

98 1400 150 1474 τήν
160 1401 229 1475 πρὸς
243 1401 348 1476 Ξέρξεα
359 1399 459 1474 φιλίην
470 1398 701 1474 συνεκεράσαντο,
712 1397 730 1472 ἦ
742 1399 899 1473 νομιζοίατο

99 1486 168 1561 προς
182 1484 266 1544 αὐτοῦ
281 1486 350 1543 εἶναι
363 1486 512 1559 πολέμιοι;
533 1486 660 1559 βασιλέα
674 1484 703 1541 δὲ
716 1483 900 1560 Ἀρτοξέρξεα

98 1571 225 1647 μάλιστα
239 1572 364 1648 ε’μμένειν
376 1569 472 1647 φάναι,
483 1571 528 1629 καὶ
543 1569 672 1646 οὐδεμίαν
682 1572 801 1645 νομίζειν
814 1571 899 1631 πόλιν

94 1657 212 1739 Ἀργεος
233 1659 410 1735 φιλιωτέρην.
451 1662 487 1716 Εἰ
506 1659 558 1734 μέν
576 1684 623 1716 νυν
643 1658 748 1734 Ξέρξης
764 1684 795 1716 τε
812 1657 878 1716 α’πέ-
889 1663 946 1723 152

97 1755 190 1823 πεμψε
201 1749 288 1805 τοῦτα
298 1747 418 1826 λέγοντα
431 1746 536 1821 κήρυκα
547 1751 573 1808 ἐς
583 1743 695 1826 Ἄργος,
707 1746 753 1803 καὶ
766 1744 898 1825 Ἀργείων

96 1833 213 1914 άγγελοι
226 1831 381 1909 ἀναβάντες
394 1837 421 1895 ἐς
438 1835 535 1896 Σοῦσα
550 1832 701 1910 ἐπειρώτων
713 1830 897 1910 Ἀρτοξέρξεα

95 1923 158 1998 περὶ
183 1923 287 1997 φιλίης,
313 1920 362 1980 οὔκ
390 1922 444 1998 ἔχω
467 1919 599 1996 α’τρεκέως
624 1926 717 1981 εἰπεῖν·
746 1921 811 1981 οὐδέ
834 1948 896 1982 τινα

93 2009 205 2090 γνώμην
218 2011 281 2087 περὶ
298 2008 386 2069 αὐτῶν
400 2007 594 2085 άποφαίνομαι
610 2009 701 2084 άλλην
713 2036 748 2090 γε
761 2008 779 2085 ἢ
792 2008 896 2087 τήνπερ

93 2097 172 2157 αὐτοὶ
198 2097 320 2178 Ἀργεῖοι
347 2097 476 2178 λέγουσι.
522 2096 687 2178 [ἐπίσταμαι
710 2098 740 2157 δὲ
766 2101 894 2167 τοσοῦτο,

93 2186 144 2257 ὅτι,
167 2192 191 2248 εί
214 2187 315 2250 πάντες
334 2184 475 2264 ἅνθρωποι
495 2187 531 2246 τά
555 2186 646 2262 οἶκήῖα
666 2185 738 2245 κακά
759 2190 786 2249 ές
805 2187 895 2263 μέσον

93 2276 275 2335 συνενείκαιεν
298 2274 479 2344 ἀλλάξασθαι
499 2273 671 2351 βουλόμενοι
692 2279 769 2334 τοῖσι
790 2275 893 2348 πλησί-

92 2388 158 2432 οισι,
174 2363 342 2443 ἐγκύψαντες
355 2360 388 2422 ἂν
402 2367 429 2424 ἐς
443 2361 479 2422 τά
493 2367 548 2422 τῶν
560 2363 648 2426 πέλας
662 2362 733 2422 κακά
746 2361 894 2426 άσπασίως

92 2450 205 2509 ἔκαστοι
225 2450 314 2510 αὐτῶν
327 2449 517 2527 άποφεροίατο
535 2450 624 2510 ὀπίσω
642 2449 678 2510 τά
697 2450 892 2532 ε’σενείκαντο·]

92 2537 161 2596 οὕτω
178 2537 211 2612 δὴ
226 2537 274 2596 οὐκ
287 2537 442 2618 Ἀργείοισι
461 2540 597 2617 αἴσχιστα
612 2539 770 2615 πεποίηται·
793 2538 845 2620 ε’γιδ
863 2538 893 2598 δὲ

91 2623 197 2699 ὀφείλω
218 2625 311 2706 λέγειν
332 2624 368 2684 τά
388 2624 534 2706 λεγόμενα,
558 2627 707 2686 πείθεσθαί
724 2653 759 2708 γε
781 2626 839 2705 μην
859 2626 892 2686 οὐ

90 2713 254 2772 παντάπασι
267 2712 382 2789 ὀφείλω·
405 2714 453 2771 καί
467 2739 517 2791 μοι
533 2719 616 2774 τοῦτο
632 2714 666 2774 τά
683 2715 747 2778 ἔπος
764 2716 848 2794 ε’χέτω
865 2720 893 2777 ἐς

89 2801 180 2861 πάντα
199 2800 250 2862 τάν
269 2801 365 2882 λόγον·
387 2801 447 2860 ε’πεὶ
467 2803 513 2861 καὶ
532 2806 620 2862 ταῦτα
639 2803 760 2883 λέγεται,
783 2803 817 2870 οἷς
837 2802 891 2880 άρα

88 2886 211 2970 Ἀργεῖοι
230 2890 305 2966 ἦσαν
327 2893 354 2949 οἱ
376 2889 608 2966 ἐπικαλεσάμενοι
631 2890 681 2950 τόν
705 2892 821 2964 Πέρσην
846 2891 897 2945 ἐπὶ

88 2975 140 3050 την
151 2977 285 3048 Ἐλλάδα,
300 2973 401 3056 ε’πειδιί
415 2983 474 3058 σφι
491 2977 565 3058 πρὸς
583 2978 653 3042 τοδς
673 2972 926 3069 δοκεῖιαιρογλοος

193 3065 214 3140 ι
236 3067 328 3147 οπο
355 3067 489 3148 ἑστήκεε,
512 3072 575 3131 πᾶν
600 3065 640 3144 ω
670 3050 955 3152 βοοωυιες

69 3146 141 3206 εἶναι
158 3152 218 3226 πρά
233 3161 287 3231 τῆς
305 3160 486 3239 παρεούσης
504 3161 627 3236 λύπης·
672 3152 719 3213 z&
739 3150 796 3224 μὶν
813 3157 893 3234 '¹²9⁸
919 3132 979 3190 NJ

57 3233 145 3308 γείων
157 3237 288 3315 εἴρηται,

57 3310 171 3362 11515

936 3420 959 3428 -4
