2024 3450
91 120 201 182 ιιι-τι]
390 118 594 166 πατοταοτιι.
863 114 892 162 31

90 202 120 258 αἱ
133 197 215 258 αὐτοὶ
228 198 295 257 ἔωσι
310 197 399 272 φυλαὶ
413 197 459 254 καὶ
467 194 556 264 Ἴωσι,
570 195 621 254 τόν
630 193 777 271 ὁμώνυμον
787 196 892 251 Κλεισ-

91 286 171 345 θένεα
189 283 359 361 ἐμιμήσατο.
401 282 437 346 οἷς
450 283 504 363 γὰρ
524 282 558 357 δῆ
574 283 624 341 τόν
637 281 790 356 Ἀθηναίων
804 280 894 357 δῆμον

90 373 227 450 πρότερον
248 373 416 449 ἀπωσμένον
436 371 500 432 τότε
521 370 612 430 πάντα
632 369 702 446 πρός
721 369 773 446 τῆν
793 373 894 429 ἐωυτοῦ

89 465 191 538 μοῖραν
218 460 425 538 προσεθήκατο,
448 459 498 522 τοῖς
520 459 613 535 φυλὰς
638 456 820 535 μετωνόμασε
846 457 892 516 καὶ
923 485 925 488 ’

91 550 207 625 ἐποίησε
220 552 344 612 πλεῦνας
357 548 388 618 ἐξ
404 545 579 607 ἐλασσόνων·
601 545 667 604 δέκα
684 569 715 604 τε
733 544 767 619 δῆ
784 545 891 622 φυλάρ-

90 662 157 714 χους
170 636 231 697 α’ντὶ
241 637 385 712 τεσσέρων
398 634 522 710 ἐποίησε,
537 633 604 692 δέκα
618 633 647 691 δὲ
661 631 706 690 καί
716 631 780 694 τούς
790 630 893 708 δῆμους

91 725 223 800 κατένεμε
234 729 261 786 ἐς
270 723 321 786 τοὶς
332 721 433 798 φυλάς·
447 720 482 797 ῆν
491 747 530 791 τε,
538 720 589 781 τόν
599 720 688 796 δῆμον
694 720 892 796 προσθέμενος,

90 815 199 889 πολλῆ
205 810 360 887 κατύπερθε
372 813 427 869 τῶν
440 809 690 870 ἀντιστασιωτέων.
709 805 758 867 Ἐν
768 811 806 886 τῷ
814 807 893 884 μέρείΙ
901 809 939 868 70

92 897 123 956 δὲ
138 897 309 974 ἑσσούμενος
324 896 509 978 όἸσαγόρης,
528 897 721 976 ἀντιτεχνᾶται
738 895 813 955 τόδε·
835 901 891 955 ἐπι·

91 986 220 1044 καλέεται
242 986 404 1063 Κλεομένεα
427 985 477 1045 τόν
496 983 724 1061 Λακεδαιμόνιον,
743 983 892 1065 γενόμενον
914 1030 916 1035 ·

90 1075 179 1151 ἑωυτῷ
195 1074 284 1143 ξεῖνον
301 1072 359 1133 α’πδ
377 1078 427 1150 τῆς
445 1072 701 1151 Πεισιστρατιδέων
717 1073 892 1150 πολιορκίης·

89 1162 138 1222 τόν
164 1161 194 1221 δὲ
229 1164 391 1239 Κλεομένεα
425 1163 482 1240 εἶχε
509 1163 583 1238 αἰτίη
611 1165 713 1237 φοιτᾶν
738 1160 816 1238 παρὰ
840 1165 891 1221 τοῦ

88 1247 239 1330 Ἰσαγόρεω
254 1249 307 1326 τῆν
323 1254 450 1330 γυναῖκα.
492 1249 529 1309 τὰ
544 1252 597 1326 μὲν
610 1248 646 1324 δῆ
659 1253 756 1325 πρῶτα
774 1250 891 1324 πέμπων

89 1335 105 1397 ὅ
133 1340 296 1415 Κλεομένης
323 1327 350 1401 ἐς
377 1337 427 1401 τὰς
456 1337 577 1412 Ἀθήνας
606 1336 720 1413 κήρυκα,
748 1336 892 1410 ἐξέβαλλε

88 1426 273 1495 Κλεισθένεα,
295 1425 341 1483 καὶ
359 1425 420 1502 μετ’
435 1424 519 1483 αὐτοῦ
540 1423 647 1486 ἄλλους
666 1421 794 1484 πολλούς
808 1420 891 1496 Ἀθη·

89 1514 171 1573 ναίων
183 1513 248 1574 τούς
265 1513 378 1591 ἐναγέας
391 1512 536 1589 ἐπιλέγων·
550 1515 638 1568 ταῦτα
648 1510 677 1567 δέ
688 1510 804 1582 πέμπων
813 1509 893 1586 ἐλεγε

89 1603 120 1656 ἐκ
134 1599 249 1676 διδαχῆς
261 1602 311 1657 τοῦ
325 1597 486 1677 Ἰσαγόρεω·
509 1599 596 1671 οἱμὲν
609 1596 664 1675 γὰρ
676 1594 893 1668 Ἀλκμαιωνίδαι

91 1685 137 1743 καὶ
156 1688 183 1743 οἱ
203 1688 398 1762 συστασιῶται
418 1682 508 1742 αὐτῶν
528 1682 606 1760 εἶχον
626 1681 716 1757 αἰτίην
733 1684 783 1740 τοῦ
800 1680 889 1757 φόνου

90 1772 199 1832 τούτου·
221 1771 304 1849 αύτός
324 1771 354 1829 δὲ
374 1769 406 1829 ού
426 1773 546 1849 μετεῖχε,
568 1768 623 1828 οὐδ’
645 1772 672 1828 οἰ
693 1769 774 1845 φίλοι
795 1768 889 1830 αύτοῦ.

92 1861 129 1918 Οἶ
137 1857 160 1918 δ’
169 1860 278 1940 ἐναγέες
287 1858 440 1935 Ἀθηναίων
451 1855 502 1917 ὧδε
513 1857 728 1934 ὠνομάσθησαν·
742 1857 778 1933 ῆν
788 1857 890 1919 Κύλων
900 1859 936 1922 71

89 1951 143 2008 τῶν
155 1946 308 2023 Ἀθηναίων
320 1945 391 2023 α’νῆρ
404 1945 632 2023 Ὀλυμπιονίκης·
647 1943 727 2009 οὗτος
737 1946 782 2005 ἐπὶ
793 1971 890 2024 τυραν-

90 2035 141 2095 νίδι
166 2034 299 2111 ἐκόμησε·
329 2032 597 2111 προσποιησάμενος
617 2034 646 2092 δὲ
668 2034 808 2109 ἑταιρηίην
833 2027 889 2094 τύν

88 2122 253 2196 ἡλικιωτέων
266 2123 440 2197 καταλαβεῖν
456 2121 508 2197 τῆν
524 2120 680 2197 α’κρόπολιν
694 2120 836 2196 ἐπειρήθη·
858 2119 891 2180 ού

88 2209 236 2287 δυνάμενος
262 2209 292 2269 δὲ
321 2213 516 2286 ἐπικρατῆσαι,
544 2209 634 2284 ἱκέτης
661 2209 734 2279 ἵζετο
760 2206 831 2285 πρός
856 2209 890 2269 τό

88 2295 213 2376 ἄγαλμα·
247 2297 361 2360 τούτους
387 2296 534 2356 α’νιστέασι
555 2299 607 2373 μὲν
630 2299 656 2356 οἰ
679 2296 811 2373 πρυτάνις
836 2301 892 2357 τῶν

89 2385 267 2462 Ναυκριίρων,
289 2385 368 2461 οἵπερ
386 2387 481 2461 ἔνεμον
499 2385 564 2444 τότε
587 2384 637 2448 τοὶς
656 2384 784 2458 Ἀθήνας,
807 2385 891 2466 ύπεγ-

87 2471 169 2550 γύουις
187 2472 264 2548 πλῆν
282 2473 411 2533 θανάτου·
434 2477 571 2549 φονεῦσαι
590 2473 619 2532 δέ
636 2472 734 2535 αύτούς
747 2473 820 2550 αἰτίη
835 2476 891 2552 ἔχει

87 2559 315 2635 ’λλκμαιωνίδας
356 2565 444 2620 ταῦτα
461 2559 517 2638 πρό
535 2565 585 2636 τῆς
603 2560 814 2637 Πεισιστράτου
829 2561 890 2636 ῆλι-

88 2648 148 2722 κίης
161 2647 280 2728 ἐγένετο.

128 2736 292 2812 Κλεομένης
310 2735 339 2794 δέ
362 2734 397 2799 ὥς
417 2736 534 2813 πέμπων
555 2736 695 2811 ἐξέβαλλε
716 2736 938 2798 Κλεισθένεα72

88 2823 133 2881 καὶ
153 2822 217 2886 τούς
235 2824 357 2905 ἐναγέας,
377 2824 553 2899 Κλεισθένης
571 2826 623 2900 μὲν
642 2823 724 2888 αύτδς
741 2824 889 2904 ύπεξέσχε·

86 2911 157 2985 μετοὶ
171 2911 209 2980 δὲ,
224 2910 304 2970 οὐδὲν
317 2909 413 2987 ἧσσον
425 2915 518 2988 παρῆν
532 2917 559 2974 ἐς
571 2911 622 2975 τοὶς
634 2911 755 2988 Ἀθήνας
768 2911 784 2972 ὁ
799 2919 890 2972 Κλεο-

86 2999 171 3075 μένης
184 2998 216 3058 ού
231 2999 285 3059 σύν
298 2999 410 3081 μεγάλῃ
423 3000 504 3078 χειρὶ,
518 2999 685 3076 α’πικόμενος
699 3001 727 3058 δὲ
741 3001 892 3080 ἀγηλατέει

88 3087 244 3147 ἑπτακόσια
273 3088 386 3147 ἐπίστια
415 3087 579 3163 Ἀθηναίων,
606 3088 646 3147 τύι
673 3092 704 3146 οἱ
728 3088 856 3144 ύπέδετο
887 3086 908 3138 ἐς

86 3171 243 3253 Ἰσαγόρης.
270 3179 362 3238 ταῦτα
382 3176 414 3238 δὲ
433 3176 577 3254 ποιῆσας,
592 3175 722 3251 δεύτερα
735 3171 792 3242 τὴν
811 3162 933 3258 ἱῦὒῖλῖῗψ

74 3260 227 3324 καταλύειν
246 3269 395 3346 ἐπειρᾶτο,
411 3268 624 3348 τριηκοσίοισι
635 3264 673 3322 δὶ
685 3253 967 3320 τιῖιῦιὝῦῢἹῦΨω
