2024 3450
136 117 185 166 ιιι
440 110 625 159 Ἥιόιοσοτ
872 115 937 180 [IX.

135 198 219 256 τοῦτο
246 192 284 265 δέ,
311 190 455 271 Ἀργείους
483 189 547 253 τούς
576 187 648 267 μετὰ
675 193 864 257 Πολυνείκεος
892 196 939 256 ἐπὶ

135 282 236 356 Θήβας
263 277 428 351 ἐλάσαντας,
454 278 675 354 τελευτήσαντας
702 279 753 340 τόν
776 285 864 342 αιἰδνα
892 285 939 344 καὶ

134 369 259 443 α’τάφους
280 368 426 443 κειμένους,
448 366 685 445 στρατευσάμενοι
706 369 752 428 ἐπὶ
771 369 837 432 τούς
862 373 939 432 Καδ-

132 457 233 534 μείους,
254 454 404 515 αἷνελέσθαι
422 481 453 515 τε
470 455 535 518 τοθς
553 454 664 532 νεκρούς
678 463 772 532 φαμεν
787 459 833 517 καὶ
848 459 939 538 θάψαι

133 548 183 621 τῆς
202 543 337 621 ἡμετέρης
354 547 382 602 ἐν
399 543 550 604 Ἐλευσῖνι.
593 543 700 603 ἔστιδὲ
717 543 784 621 ἡμῖν
807 547 890 628 ἔργον
908 549 939 608 εὖ

134 634 198 712 ἔχον
218 633 263 691 καὶ
279 637 307 695 ἐς
324 630 512 708 Ἀμαζονίδας,
530 631 581 694 ταὶς
600 630 657 691 α’πδ
674 633 874 709 Θερμώδοντος
887 663 938 696 πο·

133 725 223 797 ταμοῦ
242 719 426 796 ἐσβαλούσας
444 720 507 777 κοτέ
527 723 554 781 ἐς
570 724 625 801 γῆν
642 720 694 796 τήν
706 719 848 797 Ἀττικήν.
891 725 939 783 καὶ

134 815 164 869 ἐν
186 812 262 869 τοῖσι
284 811 433 885 Τρωϊκοῖσι
459 807 573 866 πόνοισι
597 807 723 883 οὐδαμῶν
754 810 936 887 ἐλειπόμεθα.

134 895 199 973 ἀλλ’
213 896 245 956 οὗ
256 896 310 975 γάρ
320 922 348 954 τι
359 897 473 974 προέχει
482 894 586 954 τούτων
594 897 810 970 ἐπιμεμνῆσθαι·
825 897 872 955 καὶ
882 898 937 979 γάρ

134 981 169 1042 ἂν
181 984 302 1059 χρηστοὶ
316 982 379 1041 τότε
397 981 487 1045 ἐόντες
506 982 587 1042 ὦῦτοὶ
605 986 653 1042 νῦν
667 980 700 1042 ἂν
714 983 768 1042 εἶεν
781 985 938 1061 φλαυρότε-

133 1095 185 1147 ροι,
204 1070 248 1127 καὶ
266 1068 330 1128 τότε
349 1069 439 1132 ἐόντες
456 1073 580 1148 φλαῦροι
599 1074 647 1130 νῦν
666 1068 700 1130 ἂν
719 1070 772 1130 εἶεν
785 1070 937 1147 ἀμείνονες.

133 1161 261 1216 παλαιόν
273 1157 326 1233 μέν
339 1182 388 1216 νυν
402 1159 487 1238 ἔργων
505 1156 569 1222 ἅλις
587 1159 665 1218 ἔστω.
687 1159 757 1236 ήμῖν
770 1158 800 1217 δέ
814 1163 838 1217 εἰ
850 1161 939 1236 μηδὲν

135 1244 210 1305 ἄλλο
229 1245 291 1305 ἐστὶ
307 1243 533 1327 ἀποδεδεγμένον,
550 1245 645 1324 ὥσπερ
660 1247 722 1305 ἐστὶ
735 1245 833 1304 πολλά
845 1248 939 1306 τεκαὶ

135 1332 164 1393 εὖ
181 1335 280 1414 ἔχοντα
293 1337 317 1392 εί
332 1333 422 1393 τέοισι
436 1334 481 1392 καὶ
496 1333 613 1394 ἄλλοισι
626 1332 779 1409 Ἑλλήνων,
793 1332 872 1392 άλλά
891 1335 939 1394 καὶ
958 1374 961 1380 -

135 1420 191 1482 οἷπό
211 1427 260 1483 τοῦ
281 1427 310 1483 ἐν
330 1424 485 1500 Μαραθῶνι
506 1424 586 1504 ἔργου
607 1421 682 1492 ἄξιοί
701 1426 775 1498 εἶμεν
795 1423 881 1481 τοῦτο
903 1418 938 1481 τό

134 1511 218 1590 γέρας
237 1513 317 1590 ἔχειν,
339 1513 385 1571 καὶ
405 1511 482 1571 ἅλλα
501 1511 571 1588 πρός
590 1509 699 1587 τούτῳ
718 1509 815 1570 οἵτινες
837 1512 939 1585 μοῦνοι

134 1598 279 1674 Ἑλλήνων
295 1598 329 1674 δή
343 1598 610 1678 μουνομαχήσαντες
625 1601 663 1675 τῷ
679 1598 788 1674 Πέρσῃ,
803 1596 850 1654 καὶ
867 1599 938 1678 ἔργῳ

134 1687 259 1766 τοσούτῳ
278 1685 511 1765 ἐπιχειρήσαντες,
535 1683 756 1765 περιεγενόμεθα,
781 1684 828 1741 καὶ
849 1685 937 1760 ἐνική-

134 1799 225 1849 σαμεν
247 1774 325 1832 ἔθνεα
349 1774 380 1843 ἐξ
404 1800 435 1835 τε
459 1775 504 1832 καὶ
526 1772 741 1849 τεσσεράκοντα.
769 1769 814 1848 ἆρ’
837 1771 872 1831 οὔ
898 1773 937 1833 δί-

135 1860 211 1918 καιοί
243 1864 317 1938 εἶμεν
344 1862 416 1940 ἔχειν
442 1861 545 1937 ταύτην
571 1859 623 1936 τήν
648 1859 683 1920 τά
701 1884 727 1919 ιν
752 1856 809 1919 άπδ
835 1860 937 1922 τούτου

133 1947 236 2025 μούνου
264 1951 314 2008 τοῦ
343 1949 437 2027 ἔργου;
472 1948 537 2008 ἀλλ’
566 1947 598 2007 οὔ
627 1947 682 2028 γάρ
712 1951 741 2006 ἐν
768 1950 808 2026 τῷ
839 1949 937 2029 τοιῷδε

133 2035 227 2107 τάξιος
248 2037 337 2097 εἵνεκα
358 2038 520 2109 στασιάζειν
539 2037 647 2114 πρέπει,
669 2033 760 2113 άρτιοί
779 2037 854 2111 εἶμεν
878 2038 938 2097 πεί-

134 2127 235 2186 θεσθαι
251 2126 325 2202 θμῖν,
341 2124 361 2184 ὦ
379 2125 600 2203 Λακεδαιμόνιοι,
617 2124 660 2184 ἵνα
679 2124 766 2183 δοκέει
790 2125 937 2200 ἐπιτηδειό-

133 2239 216 2272 τατον
230 2213 318 2289 ήμέας
331 2213 400 2274 εἶναι
414 2213 535 2282 ἑστάναι,
552 2213 597 2271 καὶ
611 2211 669 2272 κατ’
684 2211 822 2275 οὕστινας·
844 2212 936 2290 πάντη

133 2299 187 2378 γάρ
210 2301 373 2378 τεταγμένοι
395 2300 587 2376 πειρησόμεθα
612 2300 681 2360 εἶναι
702 2299 832 2378 χρηστοί.
875 2301 936 2378 ἐξη-

133 2385 233 2465 γέεσθε
251 2385 281 2443 δέ
300 2385 335 2448 ὦς
353 2386 551 2462 πεισομένων.”
566 2391 592 2446 οἱ
604 2390 656 2464 μέν
668 2391 757 2447 ταῦτα
770 2385 936 2463 ἀμείβοντο·

133 2471 357 2547 Λακεδαιμονίων
378 2474 408 2532 δὲ
433 2473 561 2550 ἀνέβωσε
583 2474 657 2535 ἅπαν
683 2475 716 2535 τδ
744 2475 936 2552 στρατόπεδον

133 2557 297 2634 Ἀθηναίους
310 2558 527 2638 ἀξιονικοτέρους
545 2562 613 2621 εἶναι
630 2563 702 2641 ἔχειν
720 2562 753 2622 τό
768 2563 849 2638 κέρας
860 2561 935 2642 ἤπερ

132 2645 277 2722 Ἀρκάδας.
320 2647 390 2708 οὕτω
410 2650 444 2725 δή
464 2652 548 2730 ἔσχον
564 2653 591 2709 οἱ
607 2649 758 2727 Ἀθηναῖοι,
774 2649 819 2709 καὶ
835 2648 934 2730 θπερε-

108 2763 110 2767 ·
131 2733 258 2810 βάλοντο
270 2735 335 2798 τούς
348 2738 494 2817 Τεγεήτας.

85 2825 123 2882 28
172 2821 254 2882 Mer&
275 2822 419 2894 δὲταῦτα,
441 2823 597 2886 ἐτάσσοντο
617 2821 669 2885 ὦδε
690 2829 717 2885 οἶ
737 2827 934 2902 ἐπιφοιτῶντές

133 2937 165 2972 τε
185 2911 231 2971 καὶ
252 2914 279 2971 οἶ
297 2909 387 2990 ἀρχήν
405 2912 532 2977 ἐλθόντες
548 2912 702 2990 Ἑλλήνων·
722 2913 756 2975 τό
772 2915 825 2991 μέν
842 2913 934 2983 δεξιόν

9 3002 213 3085 ωκὲρμς
230 2999 307 3078 εἶχον
327 3000 551 3076 Λακεδαιμονίων
570 2999 673 3080 μύριοι·
694 3001 798 3063 τούτων
817 2999 849 3060 δέ
867 3002 934 3068 τούς

128 3090 383 3171 πεντακισχιλίους,
417 3087 510 3153 ἐόντας
544 3089 727 3167 Σπαρτιήτας,
762 3089 934 3166 ἐφύλασσον

46 3239 69 3248 ,
115 3181 201 3256 ψιλοί
221 3185 281 3243 τάν
300 3181 440 3244 εἱλωτέων
457 3179 688 3258 πεντακισχίλιοι
709 3177 754 3234 καὶ
771 3176 942 3256 τρισμέριοι,

71 3278 75 3285 ’
103 3269 173 3343 περὶ
198 3269 296 3351 ἄνδρα
317 3274 450 3337 ἕκαστον
481 3270 556 3333 ἔπτὰ
579 3264 759 3344 τεταγμένοι.
799 3259 960 3330 προσεχέυς
