2024 3450
126 119 156 165 54
429 108 612 158 Ἠνοιοτοτ
875 110 916 176 [v

121 194 192 254 κατοὶ
205 193 240 253 τό
255 189 428 265 συνεθήκατο
441 192 479 267 τῷ
492 188 659 266 ’ύπασπιστῇ
673 189 748 249 παίει
761 180 927 267 προσφερό-

118 308 203 358 μενον
231 278 313 338 αύτόν
337 277 386 337 τόν
409 276 570 353 Ἀρτύβιον·
603 276 791 351 ἐπιβαλόντος
820 278 849 337 δὲ
876 283 928 339 τοῦ

119 370 205 429 ἵππου
215 366 279 429 τούς
290 366 376 429 πόδας
390 366 435 424 ἐπὶ
448 365 499 439 τήν
511 364 666 439 Ὀνησίλου
677 363 793 435 ἀσπίδα,
808 367 928 426 ἐνθαῦτα

118 458 134 517 6
155 459 218 534 Καρ
239 456 362 535 δρεπάνῳ
383 455 493 530 πλήξας
509 453 670 530 ἀπαράσσει
689 458 738 514 τοῦ
758 454 846 514 ἵππου
862 457 928 520 τούς

118 546 213 608 πόδας.
242 544 392 621 Ἀρτύβιος
405 546 456 621 μὲν
470 544 503 618 δή
518 542 533 602 6
547 544 705 624 στρατηγός
717 548 771 603 τῶν
787 546 926 622 Περσέων

73 637 133 694 113·
139 635 210 712 όμοῦ
221 640 260 714 τῷ
271 634 344 714 ἵππῳ
354 635 449 693 πίπτει
466 632 550 692 αὐτοῦ
563 631 658 711 ταύτῃ.
701 634 880 712 Μαχομένων
896 637 926 695 δέ

118 726 163 782 καὶ
183 728 237 784 τῶν
257 723 360 794 ἄλλων,
383 722 543 798 Στησήνωρ,
564 721 696 797 τύραννος
718 721 767 781 ἐών
790 729 923 800 Κουρίου,

117 813 245 888 προδιδοῖ
251 814 320 890 ἔχων
328 810 443 887 δύναμιν
451 809 556 886 ἀνδρῶν
566 810 630 885 περὶ
639 809 737 869 ἑωυτόν
746 809 778 868 οὗ
789 805 923 888 σμικρήν·

118 902 156 977 (οἶ
165 901 193 958 δὲ
202 900 333 976 Κουριέες
341 896 417 958 οὗτοι
425 899 557 978 λέγονται
567 898 636 958 εἶναι
645 897 778 978 Ἀργείων
787 897 923 983 ἄποικον)
972 962 975 966 Α

59 1050 61 1055 ,
116 986 274 1062 προδόντων
285 987 322 1045 Ιδὲ
337 990 391 1046 τῶν
411 986 560 1062 Κουριέων,
576 985 674 1046 αὐτίκα
687 986 782 1045 καὶτὰ
796 988 923 1066 Σαλαμι-

117 1073 180 1132 νίων
200 1073 408 1150 πολεμιστήρια
429 1072 540 1151 ἅρματα
559 1073 647 1133 τώυτό
671 1078 747 1134 τοῖσι
769 1080 922 1152 Κουριεῦσι

120 1161 218 1218 ἐποίεε·
239 1161 391 1240 γινομένων
407 1163 436 1220 δέ
453 1159 565 1230 τούτων,
583 1163 779 1238 κατυπέρτεροι
799 1161 874 1239 ἦσαν
894 1169 922 1225 οἱ

116 1247 228 1325 Πέρσαι
240 1252 295 1308 τῶν
309 1250 451 1324 Κυπρίων.
491 1250 681 1326 τετραμμένου
695 1250 725 1308 δέ
737 1254 788 1310 τοῦ
801 1277 919 1328 στρατο-

116 1338 209 1406 πέδου,
223 1335 310 1397 όλλοι
322 1363 353 1397 τε
368 1339 470 1397 ἐπεσον
482 1339 588 1397 πολλοὶ
602 1337 647 1395 καὶ
677 1337 696 1414 ή
710 1340 756 1397 καὶ
768 1337 921 1414 Ὀνήσιλός

115 1450 146 1484 τε
160 1425 176 1486 6
189 1427 319 1504 Χέρσιος,
331 1425 421 1506 ὅσπερ
431 1425 484 1502 τήν
496 1425 628 1502 Κυπρίων
638 1425 798 1486 ἀπόστασιν
809 1428 918 1504 ἔπρηξε,

117 1515 162 1573 καὶ
176 1514 192 1574 ό
206 1515 315 1579 Σολίων
324 1514 464 1592 βασιλεύς
473 1513 694 1592 Ἀριστόκυπρος
704 1512 720 1573 6
731 1514 919 1592 Φιλοκύπρου,

116 1602 305 1682 (Φιλοκύπρου
333 1603 362 1663 δέ
387 1603 497 1674 τούτου,
521 1602 571 1663 τόν
599 1601 696 1666 Σόλων
730 1601 745 1661 6
771 1600 920 1678 Ἀθηναῖος

116 1689 282 1768 α’πικόμενος
306 1698 334 1756 ἐς
358 1693 475 1769 Κύπρον
502 1696 531 1751 ἐν
559 1694 638 1750 ἔπεσι
665 1692 759 1749 αἴνεσε
781 1690 920 1767 τυράννων

69 1780 125 1836 114
134 1779 284 1856 μάλιστα.)
294 1778 450 1854 Ὀνησίλου
457 1779 509 1855 μέν
519 1805 566 1837 νυν
575 1778 818 1855 Ἀμαθοῦσιοι,ὄτι
826 1781 920 1856 σφέας

115 1862 309 1938 ἐπολιόρκησε,
324 1863 515 1939 οἷποταμόντες
530 1863 582 1936 τήν
599 1864 726 1936 κεφαλήν
743 1865 878 1939 ἐκόμισαν
891 1872 920 1932 ἐς

113 1948 298 2025 Ἀμαθοῦντα,
314 1948 362 2006 καί
372 1973 421 2024 μιν
438 1947 630 2021 ἀνεκρέμασαν
648 1948 716 2023 ύπὲρ
729 1953 783 2007 τῶν
797 1957 918 2017 πυλέων·

115 2037 287 2114 κρεμαμένης
308 2037 337 2095 δέ
356 2039 406 2109 τῆς
423 2035 549 2108 κεφαλῆς
565 2034 610 2092 καὶ
626 2034 679 2110 ήδη
696 2035 796 2110 ἐούσης
812 2041 918 2119 κοίλης,

115 2125 202 2202 ἐσμός
224 2125 386 2202 μελισσέων
410 2120 491 2183 ἐσδύς
515 2124 542 2184 ἐς
563 2121 656 2200 αὐτήν,
680 2124 780 2200 κηρίων
799 2153 848 2203 μιν
876 2137 918 2191 ἐν.

114 2215 231 2289 έπλησε·
251 2212 351 2272 τούτου
365 2211 394 2269 δέ
406 2210 556 2289 γενομένου
568 2211 701 2283 τοιούτου,
717 2214 850 2290 ἐχρέωντο
860 2218 917 2299 γὰρ

114 2302 177 2376 περὶ
198 2299 282 2374 αὐτῆς
298 2301 325 2356 οἳ
341 2296 537 2374 Ἀμαθούσιοι,
556 2301 708 2376 ἐμαντεύθη
726 2308 781 2376 σφι
800 2303 850 2378 τήν
863 2308 918 2382 μὲν

115 2386 242 2461 κεφαλήν
263 2385 430 2448 κατελόντας
452 2385 548 2463 θάψαι,
568 2386 711 2468 Ὀνησίλῳ
733 2389 761 2447 δέ
784 2390 858 2451 θύειν
880 2394 917 2459 οἷς

113 2473 182 2550 ἥρωϊ
199 2470 251 2531 α’νᾶ
268 2477 324 2533 πᾶν
343 2475 411 2537 ἔτος.
433 2475 483 2533 καί
498 2481 553 2549 σφι
571 2481 682 2534 ποιεῦσι
701 2481 788 2536 ταῦτα
802 2477 915 2556 ἄμεινον

113 2563 309 2622 συνοίσεσθαι.
350 2561 533 2639 Ἀμαθούσιοι
553 2565 605 2640 μέν
625 2590 672 2623 νυν
696 2567 804 2625 ἐποίευν
826 2573 914 2630 ταῦτα

68 2651 125 2709 115
134 2649 180 2707 καὶ
193 2648 225 2709 τό
238 2649 321 2728 μέχρι
336 2655 410 2727 ἐμεῦ.
435 2650 528 2714 Ἴωνες
538 2651 567 2710 δέ
578 2655 604 2710 οἶ
616 2658 644 2710 ἐν
655 2653 761 2731 Κύπρῳ
772 2657 913 2734 ναυμαχή-

113 2763 221 2808 σαντες,
240 2740 344 2799 ἐπείτε
363 2741 467 2815 ἐμαθον
484 2739 518 2798 τό
538 2739 690 2820 πρήγματα
706 2741 741 2800 τό
760 2740 914 2817 Ὀιησιλου

114 2828 303 2904 διεφθαρμένα
317 2829 362 2886 καὶ
371 2827 422 2891 τός
432 2827 533 2891 πόλιας
543 2833 598 2888 τῶν
609 2831 742 2905 Κυπρίων
752 2835 913 2907 πολιορκευ-

112 2917 198 2994 μένας
214 2916 264 2979 τᾶς
277 2914 368 2979 ἄλλας
381 2917 457 2991 πλὴν
472 2920 639 2994 Σαλαμῖνος,
656 2919 759 2994 ταύτην
773 2919 802 2978 δὲ
816 2920 914 3002 Γόργῳ

112 3009 151 3086 τῷ
168 3007 293 3084 προτέρῳ
308 3006 429 3081 βασιλέϊ
444 3005 508 3069 τούς
525 3008 710 3084 Σαλαμινίους
730 3007 912 3085 παραδόντας,

107 3096 207 3155 av'rc‘xa
223 3094 365 3173 μαθόντες
385 3098 412 3155 οἱ
427 3092 520 3158 Ἴωνες
539 3099 627 3154 ταῦτα
647 3094 795 3154 ἀπέπλωον
817 3102 844 3157 ἐς
861 3097 914 3170 τήν

97 3181 211 3262 Ἰωνιην.
258 3188 317 3249 τῶν
334 3186 365 3247 δὲ
382 3191 414 3249 ἐν
431 3185 542 3266 Κύπρῳ
563 3185 672 3244 πολίων
687 3181 812 3255 ἀντέσχε
828 3181 930 3253 χρόνον

77 3270 128 3325 ἕσῖ
148 3279 301 3339 πλεῖστον
322 3278 568 3359 πολιορκευμένη
586 3273 691 3335 Σόλοι·
714 3264 769 3336 τῆν
783 3263 868 3334 πὲθιῗ
879 3261 949 3314 δ’πῦ·
