2024 3450
117 113 148 160 ιι
420 111 602 162 Ἦεοιουοτ
866 117 916 182 [v.

114 191 257 269 ρημένους,
276 192 388 268 ἔφασαν
406 190 496 251 αι’ντῶν
512 191 672 268 βούλεσθαι
690 192 843 263 διεξελθεῖν
863 198 917 273 τήν

116 277 219 357 χώρην·
237 283 377 343 ποιεῦντες
389 279 419 338 δέ
431 281 527 348 ταῦτα,
541 279 587 338 καὶ
600 278 746 348 διεξιόντες
757 285 855 343 πᾶσαν
863 286 917 360 τήν

116 362 272 443 Μιλησίην,
286 367 355 430 ὅκως
371 367 434 428 τινά
450 368 534 427 ἴδοιεν
552 371 581 426 ἐν
598 366 768 454 ἀνεστηκυίῃ
785 374 822 448 τῇ
835 371 917 451 χαίρῃ

114 453 201 533 ἀγρόν
215 455 244 514 εὖ
261 455 471 536 ἐξεργασμένον,
485 454 684 536 ἀπεγραφέατο
698 456 732 516 τὰ
745 456 852 535 οὕνομα
864 461 917 520 τοῦ

115 541 255 603 δεσπότεω
275 549 325 604 τοῦ
345 543 443 625 ἀγροῦ·
466 541 677 612 διεξελάσαντες
697 543 726 602 δέ
746 549 843 606 πᾶσαν
862 547 918 623 τήν

115 629 207 708 χώρην
228 634 273 691 καὶ
294 632 429 695 σπανίους
448 630 573 708 εύρόντες
592 629 713 702 τούτους,
735 631 770 695 οἷς
789 633 917 712 τάχιστα

115 720 277 795 κατέβησαν
291 725 318 783 ἐς
330 719 363 780 τὸ
377 718 458 788 ἄστυ,
472 718 556 794 ἀλίην
568 716 763 795 ποιησόμενοι,
777 718 917 790 ἀπέδεξαν

114 805 229 870 τούτους
242 809 294 884 μὲν
306 807 358 883 τήν
371 806 456 866 πόλιν
468 806 559 882 νέμειν
571 810 626 866 τῶν
640 803 719 881 εὗρον
730 807 796 869 τούς
811 806 917 888 ἀγρούς

115 892 144 950 εὖ
173 893 399 974 ἐξεργασμένους·
433 894 537 953 δοκέειν
562 894 618 974 γάρ
645 895 758 970 ἔφασαν
785 895 831 953 καὶ
859 903 916 956 τῶν

115 979 256 1056 δημοσίων
270 980 340 1041 οὕτω
354 980 387 1057 δή
404 988 496 1058 σφεας
509 981 734 1058 ἐπιμελήσεσθαι
748 981 844 1059 ὥσπερ
858 989 916 1044 τῶν

115 1070 269 1147 σφετέρων·
297 1069 361 1133 τούς
388 1070 417 1128 δὲ
440 1068 546 1133 ἅλλους
572 1070 733 1145 Μιλησίους
759 1069 824 1133 τούς
846 1072 916 1147 πρὶν

115 1157 319 1227 στασιάζοντας
331 1157 434 1218 τούτων
447 1158 546 1227 ἔταξαν
556 1158 712 1217 πείθεσθαι.
744 1156 849 1235 Πάριοι
861 1161 916 1237 μέν

66 1244 105 1302 30
115 1269 163 1303 νυν
173 1244 244 1304 οὕτω
255 1247 415 1321 Μιλησίους
425 1244 604 1322 κατήρτισαν.
620 1274 624 1297 ι
633 1244 704 1304 Τότε
714 1243 744 1304 δὲ
754 1249 785 1303 ἐκ
794 1248 917 1308 τουτέων

113 1336 167 1392 τῶν
177 1335 283 1393 πολίων
293 1330 345 1392 ὧδε
357 1333 460 1411 ἤρχετο
474 1333 545 1392 κακὰ
558 1333 734 1414 γίνεσθαιπῇ
747 1332 847 1412 Ἰωνίῃ.
884 1341 915 1396 ἐκ
943 1376 946 1381 -

113 1421 210 1492 Νάξου
232 1424 335 1503 ἔφυγον
355 1421 451 1499 ἀνδρες
470 1424 526 1482 τῶν
540 1422 653 1500 παχέων
668 1420 723 1503 ύπὸ
740 1427 793 1480 τοῦ
812 1422 915 1499 δήμου·

113 1509 250 1591 φυγόντες
263 1511 293 1572 δὲ
306 1509 439 1570 ἀπίκοντο
453 1514 481 1572 ἐς
496 1510 637 1588 Μίλητον.
670 1512 721 1584 τῆς
734 1508 764 1567 δέ
781 1510 917 1585 Μιλήτου

114 1598 248 1680 ἐτύγχανε
256 1600 404 1676 ἐπίτροπος
412 1597 463 1657 ἐών
470 1596 696 1678 Ἀρισταγόρηςὸ
706 1596 915 1676 Μολπαγόρεω,

112 1688 243 1766 γαμβρός
252 1713 283 1748 τε
294 1687 344 1746 ἐών
353 1683 520 1763 καὶάνεψιὸς
529 1684 664 1744 Ἱστιαίου
673 1682 915 1764 τοῦΛυσαγόρεω,
971 1739 975 1744 .

112 1773 163 1833 τδν
176 1775 192 1832 ὁ
207 1779 326 1850 Δαρεῖος
344 1780 373 1832 ἐν
390 1773 529 1834 Σούσοισι
543 1776 662 1851 κατεῖχε·
684 1771 769 1852 ὁγὰρ
781 1769 916 1838 Ἱστιαῖος

112 1858 244 1936 τύραννος
253 1859 289 1935 ἦν
299 1858 439 1934 Μιλήτου,
449 1861 494 1917 καὶ
505 1859 642 1940 ἐτύγχανε.
648 1863 748 1920 τοῦτον
755 1857 805 1919 τδν
811 1859 917 1938 χρόνον

114 1945 166 2006 ἐων
186 1953 215 2006 ἐν
236 1946 373 2012 Σούσοισι
393 1945 439 2006 ὅτε
462 1950 489 2006 οἱ
509 1946 611 2016 Νάξιοι
627 1946 726 2027 ἦλθον,
744 1946 829 2015 ξεῖνοι
847 1950 917 2025 πρὶν

114 2033 203 2100 ἐόντες
218 2039 257 2115 τῷ
272 2034 404 2113 Ἱστιαίῳ·
426 2033 589 2111 ἀπικόμενοι
607 2034 637 2093 δὲ
655 2037 682 2093 οί
700 2033 804 2103 Νάξιοι
819 2039 847 2099 ἐς
862 2036 917 2112 τήν

114 2124 254 2201 Μίλητον,
269 2125 377 2184 ἐδέοντο
393 2128 444 2183 τοῦ
461 2122 675 2203 Ἀρισταγόρεω,
692 2123 717 2181 εί
733 2147 785 2185 κως
801 2121 915 2185 αὐτοῖσι

113 2213 257 2291 παράσχοι
268 2212 383 2288 δύναμίν
392 2238 463 2281 τινα,
473 2212 518 2270 καὶ
529 2211 689 2274 κατέλθοιεν
700 2215 727 2272 ἐς
736 2209 789 2285 τήν
799 2214 916 2272 ἑωυτῶν·

113 2297 129 2357 ὁ
144 2300 173 2357 δὲ
186 2298 383 2374 ἐπιλεξάμενος
397 2298 432 2361 ὥς
443 2297 477 2374 ἢν
491 2297 525 2357 δι’
536 2302 636 2357 ἑωυτοῦ
649 2297 807 2357 κατέλθωσι
820 2302 849 2361 ἐς
861 2301 917 2376 τήν

113 2386 199 2445 πόλιν
218 2385 294 2465 ἄρξει
313 2385 486 2462 τῆς,Νάξου,
503 2390 609 2464 σκῆψιν
630 2385 660 2444 δὲ
680 2384 843 2462 ποιεύμενος
862 2388 917 2464 τήν

113 2475 215 2550 ξεινίην
231 2476 282 2551 τήν
296 2473 439 2546 Ἱστιαίου,
457 2474 537 2534 τόνδε
558 2479 614 2549 σφι
633 2471 721 2553 λόγον
741 2473 916 2552 προσέφερε·

113 2572 131 2598 “
139 2561 221 2627 αύτδς
233 2567 285 2641 μὲν
295 2563 360 2640 ύμῖν
371 2561 402 2621 ού
413 2560 568 2643 φερέγγυός
582 2565 637 2637 εἶμι
647 2559 763 2636 δύναμιν
773 2560 918 2638 τοσαύτην

113 2656 279 2730 παρασχεῖν,
298 2651 370 2710 ὥστε
389 2648 518 2730 κατάγειν
533 2647 669 2708 ἀεκόντων
685 2651 741 2708 τῶν
757 2646 810 2723 τήν
828 2648 918 2711 πόλιν

114 2739 234 2819 ἐχόντων
260 2739 382 2808 Ναξίων·
413 2736 587 2813 πυνθάνομαι
616 2735 671 2816 γάρ
699 2734 918 2815 ὀκτακισχιλίην

113 2826 221 2887 ἀσπίδα
247 2826 382 2896 Ναξίοισι
409 2823 486 2893 εἶναι,
511 2824 557 2882 καὶ
579 2827 668 2884 πλοῖα
689 2822 784 2901 μακρά
806 2827 916 2885 πολλα·

112 2915 316 2994 μηχανήσομαι
329 2914 359 2973 δὲ
368 2914 464 2972 πᾶσαν
475 2912 601 2988 σπουδήν
611 2911 782 2988 ποιεύμενος·
800 2915 918 2973 ἐπινοέω

114 3005 143 3066 δέ
155 3005 232 3086 τῇδε·
251 3002 445 3081 Ἀρταφέρνης
458 3025 509 3076 μοι
522 3000 654 3081 τυγχάνει
671 3001 722 3060 ἐιδν
736 2999 831 3076 φίλος·
853 2999 869 3059 ὁ
887 3001 917 3061 δὲ

74 3089 95 3149 (ι’
112 3093 281 3157 Ὑστάσπεω
296 3093 349 3169 μέν
364 3096 427 3150 ἐστι
444 3086 510 3150 πάἳς
524 3089 643 3165 Δαρείου
663 3088 693 3147 δὲ
709 3090 760 3148 τοῦ
775 3089 919 3165 βασιλέος

99 3182 253 3260 αδελφεός,
278 3186 337 3244 τῶν
360 3177 387 3242 δ’
409 3175 623 3238 ἐπιθαλασσίων
646 3180 701 3237 τῶν
725 3180 754 3234 ἐν
777 3180 815 3250 τῇ
831 3173 919 3252 Ἀσίη

81 3266 168 3346 αἴσχει
183 3273 310 3347 παντων,
326 3274 406 3356 έχων
419 3267 565 3349 στρατιήν
578 3293 610 3328 τε
626 3262 744 3338 πολλὴν
760 3261 809 3319 καλ
820 3262 938 3331 πολλζις
