2024 3450
168 117 216 165 τοι
477 114 659 163 ἭΡοΔοτοτ
751 179 754 184 .
880 111 974 175 [xm.

168 186 303 272 στρατιὴν
324 193 439 269 διέκρινε
462 195 508 252 καὶ
531 194 637 270 Ξέρξης
656 193 691 269 ἦν
710 191 774 271 περὶ
793 193 976 267 Θεσσαλίην,

167 277 340 360 χρηστήριον
361 280 495 355 ἐληλύθεε
520 287 548 339 ἐκ
571 286 694 355 Δελφῶν
715 281 975 358 Λακεδαιμονίοισι,

169 369 275 446 Ξέρξεα
295 370 393 428 αἰτέειν
417 368 494 431 δίκας
516 373 566 428 τοῦ
588 370 727 427 Λεωνίδεω
748 369 845 443 φόνου,
869 371 917 429 καὶ
941 373 976 432 τό

169 456 312 534 διδόμενον
325 458 356 526 ἐξ
369 461 472 517 ἐκεῖνου
491 456 629 515 δέκεσθαι·
650 457 793 532 πέμπουσι
812 456 847 531 δη
866 459 977 535 κήρυκα

169 543 222 618 τήν
231 547 370 625 ταχίστην
380 547 563 622 Σπαρτιῆται·
575 543 605 606 ὃς
614 544 707 618 ἐπειδη
717 545 860 620 κατέλαβε
869 539 977 607 ἐοῦσαν

170 634 210 693 ἔτι
224 639 320 695 πᾶσαν
333 634 385 709 την
398 633 533 710 στρατιὴν
548 637 576 691 ἐν
590 633 747 711 Θεσσαλίῃ,
763 632 852 692 ἐλθῶν
866 638 895 696 ἐς
908 633 978 713 ὄψιν

169 720 221 797 τὴν
239 722 347 800 Ξέρξεω
366 721 447 802 ἐλεγέ
462 721 539 780 τάδε·
559 719 606 778 “ὦ
619 722 745 796 βασιλεῦ
757 720 871 794 Μήδων,
885 728 976 782 Λακε-

172 809 311 884 δαιμόνιοί
328 812 360 870 τέ
380 835 415 868 σε
436 809 481 867 καὶ
503 808 685 884 Ἡρακλεῖδαι
709 811 736 866 οἱ
759 807 815 867 α’πό
841 809 978 887 Σπάρτης

172 901 296 957 αἰτέουσι
313 898 402 973 φόνου
421 898 504 969 δίκας,
520 896 563 956 ὅτι
578 896 673 971 σφέων
691 895 742 956 τόν
759 897 890 971 βασιλέα
908 897 976 957 α’πέ-

172 1009 277 1046 κτεινας
290 984 425 1061 ῥυόμενον
437 982 650 1058 τὴνἙλλόδα·”
670 982 686 1042 ὁ
700 983 729 1042 δὲ
738 981 866 1063 γελάσας
879 1010 912 1043 τε
930 989 978 1044 καῖ

173 1071 323 1149 κατασχόν
332 1071 443 1131 πολλόν
453 1069 562 1149 χρόνον,
579 1070 614 1133 ὥς
627 1074 654 1130 οἶ
667 1071 801 1151 ἐτύγχανε
814 1073 979 1148 παρεστειδς

172 1159 340 1235 Μαρδόνιος,
361 1158 464 1221 δεικνιλς
491 1163 519 1221 ἐς
541 1163 641 1219 τοῦτον
665 1158 734 1217 εἷπε·
766 1168 784 1193 “
792 1159 892 1238 τοιγάρ
919 1167 979 1238 σφι

172 1246 331 1324 Μαρδόνιος
351 1247 398 1308 ὅδε
418 1247 495 1309 δίκας
514 1245 597 1314 διόσει
615 1245 744 1308 τοιαύτας
764 1245 824 1308 οἵας
843 1249 980 1309 ἐκείνοισι

172 1335 297 1411 πρέπει·”
317 1335 333 1396 ὁ
346 1338 398 1413 μὲν
409 1335 442 1412 δῆ
453 1334 599 1411 δεξόμενος
612 1334 645 1393 τό
659 1335 742 1410 ῥηθὲν
756 1331 980 1397 ἀπαλλάσσετο·

127 1424 183 1481 115
193 1425 297 1501 Ξέρξης
306 1426 336 1484 δὲ
346 1423 506 1502 Μαρδόνιον
513 1430 542 1483 ἐν
551 1423 699 1500 Θεσσαλίῃ
711 1421 879 1496 καταλιπων,
893 1424 982 1490 ου’τὸς

174 1513 320 1588 ἐπορεύετο
344 1512 415 1573 κατὰ
441 1511 529 1592 τόχος
550 1517 578 1575 ἐς
600 1511 649 1570 τόν
670 1509 898 1585 Ἑλλήσποντον·
931 1517 980 1572 καὶ

173 1597 330 1661 ἀπικνέεται
347 1607 375 1665 ἐς
391 1600 441 1661 τόν
457 1600 545 1678 πόρον
560 1602 611 1676 τῆς
627 1597 778 1674 διαβάσιος
791 1603 822 1657 ἐν
833 1603 917 1660 πέντε
931 1603 980 1660 καὶ

172 1689 382 1766 τεσσεράκοντα
398 1690 529 1768 ἡμέρῃσι,
548 1687 663 1768 α’πιίγων
680 1691 730 1762 τῆς
750 1692 884 1764 στρατιῆς
898 1688 983 1751 οὐδὲν

173 1777 264 1851 μέρος,
280 1777 316 1839 ὦς
328 1781 422 1837 εἰπεῖν.
465 1777 531 1836 ὅκου
545 1778 574 1836 δὲ
587 1775 769 1854 πορευόμενοι
782 1778 915 1856 γινοίατο,
931 1779 982 1838 καὶ

174 1862 233 1922 κατ’
247 1863 376 1927 οὕστινας
393 1864 562 1942 ἀνθρώπους,
576 1864 626 1924 τόν
641 1863 744 1923 τούτων
763 1863 870 1939 καρπόν
889 1864 981 1941 ἁρπά-

174 1951 266 2020 ζοντες
284 1953 434 2014 ἐσιτέοντο·
457 1958 480 2014 εἰ
494 1954 524 2012 δὲ
537 1951 645 2031 καρπόν
660 1953 765 2030 μηδένα
780 1950 892 2028 εὕροιεν,
908 1955 983 2014 οἶδὲ

173 2039 224 2113 τήν
237 2043 321 2118 ποίην
334 2041 385 2118 τὴν
399 2047 429 2101 ἐκ
441 2046 492 2118 τῆς
503 2047 556 2123 γῆς
569 2041 765 2117 ἀναφυομένην
783 2039 829 2097 καὶ
846 2043 903 2099 τῶν
921 2041 982 2100 δεν-

174 2127 259 2204 δρέων
271 2131 321 2190 τόν
335 2130 438 2205 φλοιόν
454 2131 658 2207 περιλέποντες,
673 2129 718 2187 καὶ
732 2127 767 2187 τό
781 2127 880 2202 φύλλα
895 2153 982 2187 κατα-

174 2215 320 2291 δρέποντες
338 2216 501 2293 κατήσθιον,
514 2216 615 2293 ὁμοίως
628 2220 684 2276 τῶν
696 2242 729 2275 τε
740 2214 849 2291 ἡμέρων
863 2215 984 2278 καὶτῶν

104 2318 110 2328 ·
175 2299 287 2381 ἀγρίων·
316 2304 362 2361 καὶ
384 2305 495 2363 ἔλειπον
516 2303 605 2363 οὐδέν·
633 2309 722 2364 ταῦτα
744 2302 767 2361 δ’
789 2302 899 2362 ἐποίευν
922 2302 982 2365 ὕπὸ

177 2391 272 2464 λιμοῦ·
301 2390 447 2466 ἐπιλαβόν
473 2392 503 2449 δὲ
530 2390 629 2468 λοιμός
655 2418 685 2451 τε
712 2390 761 2450 τόν
785 2388 908 2466 στρατόν
933 2394 985 2451 καὶ

176 2475 344 2553 δυσεντερίη,
360 2477 419 2536 κατ’
433 2477 498 2538 ὁδόν
517 2479 666 2556 διέφθειρε·
686 2477 753 2541 τοός
765 2478 794 2537 δὲ
808 2478 854 2537 καὶ
866 2479 985 2540 νοσέον-

175 2589 225 2626 τας
246 2562 335 2624 αὐτῶν
359 2566 500 2637 κατέλιπε,
523 2565 682 2626 ἐπιτάσσων
707 2571 776 2644 τῇσι
801 2564 912 2635 πόλισι,
935 2567 987 2627 ἵνα

177 2650 311 2711 ἑκάστοτε
320 2653 427 2733 γίνοιτο
437 2654 566 2728 ἐλαύνων,
577 2655 750 2730 μελεδαίνειν
759 2680 790 2713 τε
799 2652 845 2712 καὶ
855 2654 986 2729 τρέφειν·

177 2742 206 2797 ἐν
224 2745 374 2819 Θεσσαλιη
386 2742 419 2801 τέ
430 2767 513 2812 τινας,
529 2743 574 2801 καὶ
589 2747 617 2802 ἐν
632 2743 694 2818 Σίρι
706 2747 757 2818 τῆς
774 2742 919 2816 Παιονίης,
935 2745 987 2802 καὶ

569 2829 682 2852 *ek*

178 2829 207 2886 ἐν
220 2828 389 2908 Μακεδονίῃ·
408 2830 472 2890 ἔνθα
486 2830 531 2889 καὶ
544 2858 576 2891 το
592 2856 651 2907 ιρον
664 2857 740 2907 αρμα
754 2829 918 2891 καταλιπιδν
930 2837 988 2892 τοῦ

172 2915 251 2987 Διός,
270 2914 319 2978 ὅτε
336 2918 382 2978 ἐπὶ
398 2917 450 2998 την
463 2918 591 2979 Ἑλλάδα
605 2916 719 2993 ἤλαυνε,
737 2917 827 2978 ἀπιὼν
846 2918 896 2978 οὐκ
916 2918 989 2979 α’πέ-

154 3005 250 3087 ‘laste’
275 3007 359 3072 α’λλθ
376 3010 475 3077 δόντες
492 3013 522 3071 οἱ
542 3008 669 3068 Παίονες
690 3010 770 3064 τοῖσι
787 3003 899 3077 Θρῆὶξι,
914 3003 999 3057 ἐκπαι-

141 3094 267 3164 Tf'w‘ros·
281 3104 410 3183 Ξέρξεω,
430 3106 554 3184 ἔφασαν
571 3094 738 3175 νεμομένας
757 3087 946 3164 (ἷΡΜΧΘῆΜ
960 3083 1002 3136 {m
