2024 3450
162 111 194 158 ιι
464 105 648 156 «ΗΡοΔουου
901 107 965 172 [vl.

161 187 228 266 ύμῖν
241 185 444 266 ἀναβάλλομαι
460 187 595 265 κυριόσειν
614 192 641 250 ἐς
662 185 794 263 τέταρτον
815 190 891 264 μῆνα
909 186 967 251 οἷπό

161 277 253 338 τοῦδε.
295 279 322 336 οἱ
342 279 394 352 μέν
415 276 450 352 δή
469 275 610 350 Μιλήσιοι
633 273 786 350 συμφορήν
806 275 966 352 ποιεύμενοι

163 362 396 433 α’παλλόσσοντο,
421 363 456 426 ὦς
483 361 702 438 ἀπεστερημένοι
726 365 781 420 τῶν
804 363 964 440 χρημάτων·

163 455 290 514 Γλαῦκος
310 450 340 509 δέ
361 449 506 527 ἐπορεύετο
528 453 556 512 ἐς
575 448 709 523 Δελφούς
729 450 905 526 χρησόμενος
926 459 966 532 τῷ

162 538 333 617 χρηστηρίῳ·
356 540 544 614 ἐπειρωτῶντα
558 535 588 594 δέ
600 535 686 594 αὐτόν
703 536 736 595 τό
749 536 923 615 χρηστήριον
943 546 966 599 εἰ

163 625 235 705 ὅρκῳ
257 625 292 686 τό
315 625 447 704 χρήματα
470 625 618 701 ληΐσεται;
643 623 661 699 ἦ
686 625 780 701 Πυθίη
800 625 964 705 μετέρχεται

162 714 258 774 τοῖσδε
277 718 354 774 τοῖσι
376 715 468 773 ἐττεσι·Ι

187 892 190 897 ι
211 825 302 876 Γλαῦκ’
315 827 473 886 Ἐπικυδείδη,
493 827 522 876 τδ
537 828 582 886 μέν
598 827 685 875 αὐτίκα
703 828 792 889 κέρδιον
808 825 871 876 οὕτω

211 901 273 962 όρκῳ
284 902 386 958 νικῆσαι,
407 901 447 947 καὶ
463 901 579 960 χρήματα
595 901 749 958 ληΐσσασθαι.

213 973 280 1028 όμνυ·
299 972 351 1018 ἐπεὶ
369 971 469 1020 θάνατός
485 989 516 1032 γε
532 973 573 1020 καὶ
590 974 684 1033 εὔορκον
699 974 763 1030 μένει
780 971 862 1033 ἄνδρα.

212 1041 267 1089 ἀλλ’
280 1042 367 1103 Ὅρκον
385 1043 440 1090 πάϊς
457 1044 523 1091 ἐστὶν
540 1044 665 1101 ἀνώνυμος·
684 1043 733 1091 οὐδ’
749 1045 789 1091 ἔτι
804 1045 890 1104 χεῖρες,

213 1115 266 1162 οὐδὲ
283 1115 360 1162 πόδες·
379 1115 490 1175 κραιπνὸς
506 1116 531 1163 δὲ
546 1115 697 1176 μετέρχεται,
718 1116 796 1163 εἰσόκε
812 1116 895 1163 πᾶσαν

199 1185 355 1247 ’συμμάρψας
372 1185 452 1233 ὀλέσει
467 1187 559 1245 γενεὴν,
579 1188 619 1234 καὶ
636 1187 698 1234 οἶκον
715 1187 819 1234 ἅπαντα,

174 1274 177 1278 ’
211 1255 294 1318 όνδρός
304 1255 330 1307 ,δ’
347 1256 442 1318 εὐόρκου
458 1258 530 1317 γενεὴ
545 1257 692 1316 μετόπισθεν
708 1259 815 1317 ἀμείνων.

162 1339 250 1396 ταῦτα
263 1333 387 1400 ἀκούσας
400 1336 416 1397 ό
430 1341 557 1400 Γλαῦκος
570 1337 739 1418 συγγνώμην
756 1339 807 1398 τόν
827 1337 892 1398 θεόν
911 1366 962 1398 πα-

163 1425 287 1502 ραιτέετο
301 1424 374 1504 αύτῷ
387 1425 479 1506 ἴσχειν
488 1429 543 1485 τῶν
552 1425 699 1502 ῥηθέντων·
720 1425 739 1502 ἦ
753 1425 783 1484 δὲ
792 1427 886 1500 Πυθίη
898 1429 961 1502 ἔφη,

162 1512 195 1573 τό
214 1513 378 1591 πειρηθῆναι
395 1517 446 1573 τοῦ
464 1515 530 1574 θεοῦ
549 1513 595 1573 καὶ
613 1513 647 1573 τό
667 1517 786 1590 ποιῆσαι
805 1513 871 1573 ἴσον
883 1514 961 1573 δύνα-

163 1601 241 1661 σθαι.
276 1605 404 1665 Γλαῦκος
415 1603 467 1678 μέν
481 1602 515 1677 δὴ
528 1601 780 1680 μεταπεμψάμενος
791 1600 856 1664 τούς
869 1607 961 1677 Μιλη

163 1689 242 1753 σίους
263 1690 374 1760 ξείνους,
397 1689 525 1750 α’ποδιδοῖ
547 1695 603 1765 σφι
623 1688 660 1749 τό.
680 1689 820 1768 χρήματα.
861 1693 912 1750 τοῦ
934 1690 962 1748 δὲ

164 1776 253 1835 εἵνεκα
274 1777 290 1836 ὁ
311 1778 397 1858 λόγος
418 1778 472 1847 ὅδε,
487 1777 507 1836 ὦ
525 1777 677 1854 Ἀθηναῖοι,
691 1775 806 1854 ιόρμήθη
826 1777 962 1858 λέγεσθαι

164 1867 191 1925 ἐς
210 1863 303 1939 ύμέας,
318 1864 467 1939 εἰρήσεται·
489 1864 618 1923 Γλαύκου
638 1868 686 1924 νῦν
706 1863 768 1923 οὔτε
781 1891 808 1924 τι
822 1864 963 1944 ἀπόγονόν

164 1954 226 2009 ἐστι
239 1948 317 2010 οὐδὲν
330 1950 387 2009 οὔτ’
398 1951 474 2024 ἱστίη
489 1949 601 2027 οὐδεμία
616 1951 781 2028 νομιζομένη
792 1952 861 2012 εἶναι
871 1950 962 2010 Γλαύ-

162 2062 221 2096 κου·
245 2036 420 2114 ἐκτέτριπταί
437 2062 468 2095 τε
489 2038 638 2115 πρόρριζος
658 2045 687 2098 ἐκ
710 2038 846 2117 Σπάρτης.
891 2035 962 2098 εἶτα)

162 2124 268 2206 α’γαθόν
287 2126 358 2202 μηδὲ
377 2124 551 2184 διανοέεσθαι
564 2126 628 2202 περὶ
643 2126 806 2204 παραθήκης
823 2125 899 2186 ἄλλο
919 2153 961 2208 γε,

161 2211 379 2288 ἢόπαιτεόντων
395 2211 581 2271 ἅποδιδόναι.”
621 2216 791 2293 Λευτυχίδης
810 2217 863 2291 μὲν
884 2216 963 2279 εἴπας

161 2305 258 2370 ταῦτα,
272 2301 306 2364 ὥς
320 2303 347 2359 οἱ
360 2299 423 2359 οὐδὲ
436 2298 506 2360 οὕτω
520 2301 654 2378 ἐσήκουον
667 2306 694 2362 οί
706 2302 856 2379 Ἀθηναῖοι,
870 2302 961 2363 ἅπαλ·

163 2387 300 2446 λόσσετο.

115 2476 152 2536 87
204 2479 240 2534 Οί
259 2476 288 2534 δέ
302 2479 455 2556 Αἰγινῆται,
474 2478 540 2554 πρὶν
557 2482 611 2539 τῶν
632 2478 768 2554 πρότερον
786 2479 964 2557 όδικημότων

163 2563 257 2622 δοῦναι
276 2563 352 2628 δίκας
370 2570 425 2625 τῶν
445 2571 472 2629 ἐς
485 2564 648 2643 Ἀθηναίους
667 2566 793 2644 ὕβρισαν
806 2569 963 2644 Θηβαίοισι

161 2650 347 2729 χαριζόμενοι,
375 2650 510 2730 ε’ποίησαν
538 2654 654 2715 τοιόνδε·
682 2656 859 2735 μεμφόμενοι
885 2660 963 2717 τοῖσι

161 2737 336 2815 Ἀθηναίοισι
352 2742 398 2799 καὶ
416 2741 556 2812 α’ξιοῦντες
575 2744 743 2815 ἀδικέεσθαι,
758 2745 793 2809 ὦς
806 2746 968 2821 τιμωρησό·“

160 2852 239 2904 μενοι
259 2827 324 2891 ’τούς
337 2828 500 2905 Ἀθηναίους
520 2832 768 2908 παρεσκευάζοντο·
791 2835 836 2893 καὶ
854 2832 889 2909 ἦν
906 2832 962 2913 γόρ

162 2914 195 2992 δὴ
215 2918 293 2976 τοῖσι
309 2915 486 2993 Ἀθηναίοισι
505 2920 664 2996 πεντετηρὶς
685 2922 730 2978 ἐπὶ
747 2923 859 3000 Σουνίῳ,
874 2919 963 2999 λοχή-

150 3029 257 3069 σαντες
278 3004 318 3068 ιόν
337 3004 391 3084 τήν
412 3005 529 3086 θεωρίδα
550 3009 603 3084 νῆα
627 3007 703 3068 εἶλον
723 3008 841 3083 πλήρεα
856 3008 963 3085 ἀνδρῶν

135 3095 197 3149 τῶν
219 3095 345 3172 πρώτων
369 3095 540 3176 Ἀθηναίων·
560 3096 703 3176 λαβόντες
723 3096 756 3155 δὶ
775 3096 842 3156 τοὺς
861 3094 972 3170 δνδρας,

65 3166 246 3277 ὂθὲθησαν·
296 3185 457 3267 Ἀθηναῖοι
470 3188 504 3250 δέ
519 3186 665 3251 παθόντες
678 3189 774 3246 ταῦτα
788 3180 863 3255 πρὸς
878 3184 988 3254 qu-

106 3275 192 3328 ⁷“⁰1‘‚
222 3273 330 3337 ούκέτι
356 3276 583 3357 α’νεβόλλοντο
611 3276 652 3355 μὴ
680 3272 715 3333 οὗ
734 3270 772 3330 τὸ
795 3270 854 3324 πᾶν
881 3261 1003 3336 μηχανή·
