2024 3450
99 105 206 171 ιτ-ιο]
418 107 603 156 Ποιυυτακ.
856 110 900 156 139

98 191 189 246 λυσαν
209 189 260 262 τῆς
280 186 432 263 στρατηίης
452 186 501 246 τόν
521 187 728 263 πρεσβύτατον,
753 187 796 247 ἵνα
818 186 902 246 αὐτοῦ

98 300 129 333 τε
151 280 214 350 ἐμεῦ
237 275 282 332 καὶ
303 278 357 334 τῶν
379 274 528 352 χρημάτων
550 273 569 350 ᾖ
591 275 756 349 μελεδωνός·
784 274 848 338 τοῦς
859 275 901 349 Ι.δέ

97 364 234 439 τέσσερας
254 361 320 443 άγευ
343 361 401 438 ἅμα
421 367 541 439 σεωυτῷ·
565 363 610 419 καὶ
632 363 738 437 πρήξας
759 364 795 422 τά
817 362 911 427 νοέεις,
936 425 938 429 ,

98 450 265 562 νοστήσειας
286 449 402 509 όπίσω.”
445 449 545 526 Κάρτα
562 475 591 508 τε
611 448 738 525 ἐθυμώθη
754 451 769 507 ὁ
786 452 899 527 Ξέρξης,
908 459 945 517 39

99 565 144 598 και
134 539 292 651 ἀμείβετο
308 538 413 597 τοῖσδε·
436 537 482 574 “’
463 565 484 594 ω
498 563 564 595 κακε
553 535 765 611 άνθρωπε,συ
757 537 900 613 ἐτόλμη-

97 653 159 696 σας,
175 632 240 702 ἐμεῦ
255 628 477 702 στρατευομένου
491 624 575 683 αὐτοῦ
591 624 636 681 ἐπὶ
653 623 704 699 τήν
715 623 840 681 Ἑλλάδα
855 626 900 684 καὶ

98 713 214 792 ἄγοντος
228 714 354 774 παῖδας’
342 739 424 788 εμους
435 739 481 771 και
470 711 705 788 οἷδελφεους
662 737 707 769 και
722 709 840 786 οἰκηίους
853 713 900 771 καὶ

98 801 207 875 φίλους,
223 800 388 876 μνήσασθαι
408 801 471 877 περὶ
488 801 538 860 σέο
552 796 659 862 παιδός·
683 798 734 858 ἐοῖν
756 798 821 875 ἐμός
838 800 899 860 δοῦ-

97 891 155 957 λος,
172 888 221 947 τόν
242 893 314 967 χρῆν
335 890 464 968 πανοικίῃ
479 888 559 967 ἀὐτῇ
579 889 687 970 γυναικὶ
708 889 895 960 συνέπεσθαι;

98 974 132 1033 εὖ.
141 980 188 1035 νῦν
201 976 257 1036 τόδ’
271 978 449 1046 ἐξεπίστασο,
464 977 499 1042 αῖς
512 984 540 1038 ἐν
553 981 630 1037 τοῖσι
645 976 697 1036 οῖσὶ
717 982 772 1037 τῶν
794 976 896 1057 άνθρά-

96 1090 154 1122 πων
168 1067 248 1124 οἰκέει
263 1064 279 1125 ὁ
294 1064 388 1143 θυμός·
410 1063 441 1129 ῦς
452 1067 565 1146 χρησταὶ
583 1069 635 1143 μὲν
650 1065 771 1136 α’κοῦσας
784 1064 896 1147 τέρψιος

95 1155 241 1228 ἐμπιπλέει
256 1153 289 1215 τό
311 1158 402 1232 σῶμα,
417 1153 565 1216 ῦπεναντία
587 1155 616 1214 δέ
633 1155 758 1214 τούτοισι
773 1154 896 1219 ἀκούσας

94 1239 217 1300 α’νοιδέει·
240 1241 288 1303 ὅτε
303 1245 356 1320 μέν
377 1269 425 1302 νυν
445 1245 557 1322 χρηστά
571 1242 692 1316 ποιήσας
710 1245 788 1318 ἐτερα
804 1248 895 1301 τοιαῦ-

93 1354 127 1385 τα
149 1334 332 1410 ἐπηγγέλλεο,
349 1330 525 1410 εὐεργεσίῃσι
538 1330 665 1405 βασιλέα
688 1328 719 1387 οῦ
741 1330 895 1406 καυχήσεαι

92 1415 317 1492 ὑπερβαλέσθαι·
339 1417 401 1474 ἐπεί
411 1443 442 1474 τε
456 1417 485 1474 δὲ
503 1423 529 1478 ἐς
545 1416 578 1474 τό
601 1415 795 1490 ἀναιδέστερον
818 1416 895 1493 ἐτρά-

93 1528 153 1569 πευ,
163 1503 214 1577 τὴν
228 1506 279 1578 μέν
290 1503 369 1577 άξίην
383 1500 415 1560 οὗ
428 1503 561 1579 λάμψεαι,
575 1500 689 1559 ἐλάσσω
705 1501 733 1558 δέ
746 1506 795 1575 τῆς
809 1501 894 1578 α’ξίης·

94 1591 128 1645 σὲ
141 1592 192 1663 μὲν
206 1589 260 1667 γάρ
275 1589 320 1646 καὶ
332 1588 400 1669 τοῦς-
409 1587 547 1663 τέσσερας
560 1593 614 1645 τιῦν
628 1589 731 1646 παίδων
745 1588 838 1663 ῥύεται
859 1592 894 1649 τά

94 1676 188 1742 ξείνια
209 1701 258 1733 του
246 1674 360 1732 δὲ’
317 1701 383 1743 ενος,
397 1679 447 1733 τοῦ
460 1677 600 1753 περιέχεαι
614 1675 749 1783 μάλιστα,
764 1681 800 1753 τῇ
817 1683 894 1755 ψυχῇ

94 1761 272 1839 ζημιώσεαιῗ
315 1761 350 1824 ὦς
370 1760 399 1820 δὲ
415 1768 503 1821 ταῦτα
523 1763 696 1839 υπεκρίνατο,
719 1761 815 1822 αὐτίκα
838 1768 893 1822 ἐκέ-

94 1855 157 1907 λευε
176 1854 252 1909 τοῖσι
270 1850 476 1928 προσετέτακτο
493 1857 581 1911 ταῦτα
601 1851 748 1928 πρήσσειν,
768 1857 822 1912 τῶν
835 1859 893 1912 Πυ-

94 1939 154 1996 θίου
169 1940 273 1999 παίδων
288 1938 446 2015 ἐξευρόντας
461 1939 510 1999 τόν
524 1938 721 2017 πρεσβύτατον
733 1941 822 2017 μέσον
836 1942 892 1999 δια-

437 2027 562 2051 snt!

92 2032 198 2104 ταμεῖν·
221 2027 404 2103 διαταμόντας
418 2027 447 2086 δε
459 2054 494 2087 τα
508 2054 633 2104 ημιτομα
647 2027 828 2097 διαθεῖναι,το
841 2032 893 2104 μὲν

92 2115 137 2173 ἐπὶ
159 2115 234 2185 δεξιά
257 2121 306 2192 τῆς
326 2114 441 2175 ὁδοῦ
408 2142 441 2175 το
463 2116 492 2174 δὲ
513 2115 555 2174 ἐπ’
575 2114 717 2192 ἀριστερά·
740 2115 785 2174 καὶ
806 2116 892 2194 ταύτῃ

92 2203 218 2272 διεξιέναι
238 2207 287 2265 τὸν
308 2202 439 2282 στρατόν.
511 2217 514 2223 ’
967 2206 989 2223 ”

132 2288 317 2367 Ποιησάντων
331 2294 360 2352 δέ
373 2292 477 2354 τούτων
489 2295 581 2363 τοῦτο,
594 2290 666 2370 μετά
682 2295 770 2352 ταῦτα
791 2293 890 2370 διεξήϊε
901 2297 940 2355 40

92 2377 107 2435 ὁ
130 2382 258 2456 στρατός·
283 2382 399 2464 ήγέυντο
422 2381 452 2440 δέ
473 2385 579 2457 πρῶτοι
599 2382 651 2458 μὲν
673 2383 699 2440 οἱ
721 2382 891 2459 σκευοφόροι

91 2491 121 2525 τε
136 2469 180 2524 καὶ
194 2469 229 2526 τά
242 2469 387 2549 ὑποζύγια·
408 2468 479 2544 μετά
500 2469 530 2528 δέ
549 2468 664 2531 τούτους
684 2469 805 2546 στρατός
823 2470 890 2530 παν-

90 2556 171 2614 τοίων
185 2557 282 2615 ἐθνέων
296 2556 405 2633 άναμὶξ,
420 2555 452 2614 οῦ
466 2557 674 2633 διακεκριμένοι·
696 2561 731 2634 τῇ
745 2557 775 2615 δέ
792 2557 890 2634 ῦπερη-

89 2644 185 2717 μίσεες
203 2643 285 2718 ἦσαν,
302 2646 418 2703 ἐνθαῦτα
440 2644 623 2704 διελέλειπτο·
646 2644 691 2703 καὶ
707 2644 739 2703 οῦ
756 2647 887 2723 συνέμισ-

89 2755 140 2812 γον
167 2730 242 2790 οῦτοι
265 2732 394 2809 βασιλέϊ.
435 2737 607 2812 προηγεῦντο
634 2736 686 2810 μὲν
712 2733 746 2810 δή
775 2735 889 2793 ἱππόται

87 2821 177 2898 ,χίλιοι
194 2825 223 2878 ἐκ
243 2821 376 2898 Περσέων
389 2819 499 2880 πάντων
512 2818 743 2930 α’πολελεγμένοι·
765 2822 836 2899 μετά
850 2822 887 2895 δὲ,

89 2909 261 3019 αἰχμοφόροι
277 2909 373 2988 χίλιοι,
389 2909 435 2967 καὶ
456 2906 532 2967 οὗτοι
553 2912 582 2966 ἐκ
603 2909 713 2970 πάντων
735 2909 888 2988 α’πολελεγ·

88 2996 175 3069 μένοι,
188 3023 238 3060 τας
251 2995 408 3079 λόγχας
374 3023 448 3058 κατω
462 3001 489 3060 ἐς
502 3022 554 3074 την
568 3002 623 3078 γῆν
643 2999 808 3074 τρέψαντες·
834 3016 912 3063 xxm

46 3081 118 3150 δέ,
135 3084 190 3190 ἱροί
205 3090 326 3148 Νισαῖοι
342 3087 549 3167 καλεόμενοι
542 3112 630 3147 ιπποι
646 3085 733 3149 δέκα,
748 3069 959 3166 κεκοαῦῆλλὲ·

71 3193 115 3226 νοι
134 3197 170 3233 ως
186 3170 354 3239 κάλλιστα.
399 3183 539 3241 Νισαῖοι
554 3178 592 3239 δε
611 3173 780 3234 καλέῦνῒω
792 3161 896 3216 mm
912 3145 972 3195 ’ω

61 3259 208 3316 τοῦδε·”
189 3290 256 3325 εστι
282 3270 392 3332 πεςίον
420 3271 507 3354 μέγα
535 3274 595 3346 τῆς
618 3270 661 3322 λλ
660 3259 849 3337 ηἳυᾶὶῖ
803 3246 850 3303 ὦ
823 3232 929 3298 ΨΜ
931 3241 994 3288 ψ
