2024 3450
80 110 189 175 53-58]
378 111 580 159 υττυιιιονιι.
849 108 879 152 25

79 220 128 254 νυν
155 191 219 270 ὄψις
246 196 295 252 τοῦ
318 192 474 270 Ἱππάρχου
495 190 622 250 ἐνυπνίου
642 187 677 264 ἦν
696 187 754 264 ἥδε·
775 183 777 188 ’
796 192 825 246 ἐν
844 189 880 264 τῇ

79 282 201 359 προτέρῃ
216 282 292 340 νυκτὶ
304 284 360 340 τῶν
378 279 580 355 Παναθηναίων
595 276 685 337 ἐδόκεε
698 275 881 354 ὁἾππαρχος

79 368 165 445 ἄνδρα
186 372 212 428 οἱ
233 368 386 428 ἐπιστάντα
401 368 493 449 μέγαν
511 366 558 425 καὶ
576 363 681 426 εθειδέα
698 364 879 424 αἰνίσσεσθαι

78 456 145 516 τάδε
155 457 191 516 τά
205 458 280 515 ἔπεα·
895 451 896 455 ’

176 562 254 620 Τλῆθι
271 560 333 608 λέων
352 560 449 619 ἄτλητα
466 559 550 607 παθὼν
565 559 679 617 τετληότι
694 556 769 618 θυμῷ·

178 634 252 681 οὐδεὶς
269 630 398 694 ἀνθρώπων
416 632 501 679 ἀδικῶν
518 632 581 679 τίσιν
597 633 639 678 οὐκ
656 631 774 681 ἀποτίσει,

79 722 168 778 ταῦτα
185 719 233 789 δὲ,
248 717 284 797 οἷς
303 716 394 794 ἦμέρη
418 717 527 797 ἐγένετο
552 715 683 795 τάχιστα,
706 712 827 790 φανερὰς
846 711 882 788 ἦν

80 805 294 883 θπερτιθέμενος
314 803 530 880 ι’νειροτόλοισι·
551 803 622 880 μετά
641 803 679 873 δέ,
695 800 883 878 ἀπειπάμενος

80 893 133 968 τὴν
146 892 219 970 ὄψιν,
235 894 340 971 ἔπεμπε
352 892 404 968 τήν
416 892 532 968 πομπήν
546 897 575 952 ἐν
588 895 624 970 τῇ
638 889 671 967 δὴ
684 894 811 969 τελευτᾷ.

122 984 160 1040 Οἱ
168 982 366 1059 δέΓεφυραῖοι,
376 984 432 1040 τῶν
444 979 519 1056 ἦσαν
532 984 559 1040 οἱ
573 980 671 1058 φονέες
681 982 708 1038 οἱ
717 976 881 1056 Ἱππάρχου,

80 1067 116 1130 ὦς
135 1071 187 1145 μὲν
206 1067 285 1128 αὐτοὶ
301 1069 427 1150 λέγουσι,
442 1067 609 1149 ἐγεγόνεσαν
626 1067 656 1136 ἐξ
670 1066 813 1143 Ἐρετρίης
830 1065 929 1140 τὴν57

78 1155 179 1238 ἀρχήν·
222 1156 257 1220 οἷς
275 1158 305 1216 δὲ
323 1156 377 1237 ἐγιδ
392 1154 650 1232 άναπυνθανόμενος
667 1154 794 1232 εὖρίσκω,
807 1152 882 1229 ἦσαν

79 1245 205 1309 Φοίνικες
224 1241 280 1304 τῶν
300 1242 353 1304 σδν
375 1242 481 1322 Κάδμιρ
502 1242 676 1320 άπικομένων
702 1243 835 1301 Φοινίκων
856 1246 883 1304 ἐς

79 1335 134 1412 γῆν
155 1332 207 1408 τὴν
230 1336 279 1392 νῦν
302 1332 437 1407 Βοιωτίην
460 1332 639 1408 καλεομένην·
672 1332 761 1390 οἴκεον
783 1329 812 1387 δέ
832 1334 883 1404 τῆς

79 1419 172 1498 χώρης
186 1419 288 1496 ταύτης
304 1418 496 1497 ἀπολαχόντες
515 1419 566 1494 τὴν
584 1417 759 1495 Ταναγρικὴν
771 1419 883 1492 μοῖραν·

80 1507 205 1565 ἐνθεῦτεν
225 1507 254 1564 δέ
275 1505 422 1581 Καδμείων
442 1504 578 1582 πρότερον
603 1503 811 1572 ἐξαναστάντων
837 1501 883 1560 ὕπ’

79 1590 263 1672 Ἀργείων,οἶ
282 1595 435 1666 Γεφυραῖοι
456 1588 533 1650 οὗτοι
553 1589 666 1665 δεύτερα
682 1587 737 1647 ὖπθ
756 1594 884 1648 Βοιωτῶν

82 1677 284 1747 ἐξαναστάντες
302 1676 454 1754 ἐτράποντο
468 1677 510 1735 ἐπ’
526 1677 672 1752 Ἀθηνέων·
693 1674 836 1752 Ἀθηναῖοι
854 1676 885 1736 δέ

81 1771 176 1840 σφεας
195 1765 241 1824 ἐπὶ
256 1769 368 1843 ῥητοῖσι
388 1765 515 1834 ἐδέξαντο
530 1766 626 1840 σφέων
639 1762 728 1823 αὐτῶν
746 1763 815 1822 εἶναι
833 1791 882 1823 πο-

80 1852 188 1928 λιήτας,
204 1857 321 1912 πολλῶν
340 1853 408 1913 τέων
428 1854 474 1911 καὶ
491 1853 540 1913 οὐκ
558 1851 753 1933 ἀξιαπηγήτων
774 1852 882 1922 ἐπιτάξ-

80 1967 160 2005 αντες
173 1941 314 2023 ἔργεσθαι.
344 1944 381 2000 Οἱ
395 1941 424 1999 δέ
438 1941 562 2004 Φοίνικες
574 1939 651 2000 οὗτοι
664 1943 691 2000 οἱ
705 1940 759 2000 σῦν
775 1939 881 2020 Κάδμῳ
891 1945 930 2000 58

79 2027 252 2106 α’πικάμενοι,
266 2034 321 2089 τῶν
338 2028 413 2104 ἦσαν
431 2032 458 2088 οἱ
476 2033 637 2106 Γεφυραῖοι,
652 2027 729 2087 ἅλλα
741 2054 772 2086 τε
785 2028 883 2087 πολλοὶ

80 2116 243 2192 οἰκήσαντες
260 2117 363 2193 ταύτην
380 2116 432 2192 την
449 2116 543 2195 χάρην
557 2117 698 2197 ἐσήγαγον
712 2115 880 2174 διδασκάλια

79 2207 107 2266 ἐς
126 2203 194 2268 τοθς
205 2204 358 2281 Ἕλληνας,
377 2205 422 2264 καὶ
437 2205 472 2280 δὴ
491 2206 537 2264 καὶ
552 2204 714 2285 γράμματα,
732 2201 782 2262 οθκ
803 2202 883 2263 ἐόντα

79 2291 145 2368 πρὶν
152 2291 289 2369 Ἕλλησι,
303 2292 339 2356 ὦς
352 2294 415 2370 ἐμοὶ
428 2292 541 2352 δοκέειν·
562 2296 659 2369 πρῶτα
672 2293 732 2368 μέν,
746 2295 823 2350 τοῖσι
838 2292 883 2350 καὶ

78 2378 199 2444 ἅπαντες
211 2382 345 2460 χρέωνται
358 2381 491 2443 Φοίνικες·
507 2381 578 2457 μετά
592 2381 629 2450 δέ,
643 2378 746 2458 χρόνου
762 2381 882 2456 προβαί-
960 2441 967 2457 ⁶

79 2493 183 2541 νοντος,
199 2468 257 2544 ἅμα
269 2495 305 2546 τη
319 2472 399 2546 φωνῇ
412 2469 573 2545 μετέβαλον
587 2468 695 2527 καὶτὸν
708 2467 815 2543 ῥυθμδν
827 2473 882 2528 τῶν

79 2553 260 2633 γραμμάτων.
296 2557 451 2630 περιοίκεον
474 2556 505 2613 δέ
528 2562 620 2631 σφεας
642 2553 679 2614 τά
705 2554 803 2614 πολλά
826 2560 882 2614 τῶν

78 2640 176 2718 χοίρων
183 2645 283 2702 τοῦτον
291 2640 341 2701 τδν
348 2642 450 2721 χρόνον
457 2642 602 2717 Ἑλλήνων
607 2642 708 2705 Ἴωνες·
721 2641 747 2701 οἳ
755 2648 881 2720 παραλα-

79 2729 181 2804 βόντες
207 2729 306 2809 διδαχῇ
329 2731 407 2808 παραὶ
428 2735 484 2791 τῶν
504 2732 638 2791 Φοινίκων
659 2730 699 2790 τά
719 2730 881 2812 γράμματα,

78 2818 353 2896 μεταρρυθμίσαντές
366 2825 463 2894 σφεων
473 2817 558 2900 ὀλίγα
568 2820 711 2898 ἐχρέωντο·
729 2819 881 2897 χρεώμενοι

79 2903 109 2962 δέ
128 2905 274 2981 ἐφάτισαν,
293 2906 387 2983 ὥσπερ
401 2907 447 2965 καὶ
460 2905 493 2966 ro*
508 2906 613 2966 δίκαιον
627 2907 709 2983 ἔφερε
728 2906 881 2986 ἐσαγαγόν-

78 3016 133 3051 των
149 2994 282 3053 Φοινίκων
297 2999 323 3056 ἐς
341 2994 393 3070 τὴν
405 2993 540 3064 Ἑλλάδα,
555 2993 700 3069 Φοινικήῖα
714 2993 880 3066 κεκλῆσθαι·

80 3079 126 3136 καὶ
137 3079 189 3143 τάς
200 3080 331 3157 βίβλους
342 3082 475 3160 διφθέρας
488 3082 627 3141 καλέουσι
637 3080 697 3139 διεδ
706 3082 760 3137 τοῖι
771 3078 905 3132 mm&

77 3168 106 3223 οἱ
115 3164 210 3236 Ἴωνες,
225 3167 269 3228 ὅτι
283 3171 350 3229 κοτὲ
364 3175 394 3232 ἐν
409 3169 504 3232 σπάνι
516 3168 646 3248 βίιβλων
658 3165 809 3244 ἐχρέωυτο
816 3151 948 3251 &QX

59 3277 133 3328 ρῃσι
149 3256 271 3335 αἰγέῃσί
285 3285 319 3319 τε
343 3261 393 3321 καὶ
414 3260 526 3341 ὀϊέῃσι·
557 3259 603 3320 ’ἐτι
620 3257 661 3316 δῖ
677 3250 733 3312 καλ.
749 3244 790 3303 τὸ
811 3259 869 3296 κατ
902 3245 961 3296 ψ
