2024 3450
73 93 211 158 ιιι-ιιι]
384 95 568 143 Ποιυυυιι.
826 96 870 146 197

70 175 191 252 ποιήσας
213 173 374 251 δισμυρίους
395 173 503 250 ἄνδρας.
546 173 592 232 καὶ
613 173 647 250 δή
668 172 751 235 τότε
769 178 799 235 ἐκ
816 178 873 236 τῦν

71 268 137 324 νειῖν
163 263 208 322 καὶ
234 267 285 322 τοῦ
308 263 392 332 πεζοῦ
415 261 525 336 πλῆθος
548 263 744 339 συντιθέμενον
766 265 872 344 γίνεται

71 350 212 426 διηκόσιαί
230 376 261 409 τε
282 348 412 426 μυριάδες
434 349 479 406 καὶ
500 348 647 425 τριήκοντα
672 351 717 408 καὶ
740 352 799 428 μία,
825 352 871 411 καὶ

70 439 147 515 πρὸς,
167 437 292 517 χιλιάδες
312 437 382 495 ἑπτά
400 437 446 494 καὶ
468 435 645 498 ἑκατοντάδες
667 437 697 505 ἑξ
718 439 763 495 καὶ
782 438 871 502 δεκάς.

70 531 152 585 τοῦτο
173 528 224 602 μὲν
245 525 278 585 τά
304 525 334 593 ἐξ
357 523 441 599 αύτῆς
460 527 510 598 Τῆς
528 522 628 597 Ἀσίης
649 523 809 600 στράτευμα
830 527 871 595 ἑξ-

70 615 191 692 αναχθὲν
205 613 318 689 εἴρηται,
332 610 395 669 ἅνευ
408 636 439 676 τε
452 614 503 685 τῆς
516 610 666 686 θεραπηίης
678 613 728 685 τῆς
739 613 872 687 ἑπομένης

71 701 116 758 καὶ
134 705 189 760 τιῦν
208 703 371 778 σιταγωγῶν
388 697 501 767 πλοίων,
516 696 561 755 καὶ
580 696 644 756 ὅσοι
663 697 793 757 ἐνέπλεον
810 699 872 758 τού-

69 814 155 847 τοισι.
196 786 229 845 τδ
248 786 277 844 δὲ
297 785 330 860 δή
349 789 379 843 ἑκ
394 790 445 860 τῆς
462 784 597 862 Εὐρώπης
613 783 750 865 α’γάμενον
766 785 851 863 στρά-
862 791 918 848 185

70 899 157 950 τευμα
174 875 212 932 ἔτι
232 874 446 953 προσλογιστέα
463 873 551 952 τούτῳ
566 874 650 933 παντὶ
667 877 706 952 τῷ
724 873 870 951 ἐξηριθμη-

70 961 152 1040 μένιρ·
177 960 292 1036 δόκησιν
313 959 343 1019 δὲ
364 960 407 1019 δεῖ
426 961 528 1044 λέγειν·
553 962 615 1025 νέας
635 962 686 1038 μέν
705 987 753 1021 νυν
771 965 797 1022 οἱ
814 961 870 1023 α’πδ

71 1049 191 1125 Θρηίκης
219 1048 366 1125 Ἕλληνες,
395 1050 440 1108 καὶ
469 1055 499 1110 ἐκ
526 1054 581 1109 τῶν
610 1049 703 1126 νήσων
732 1054 787 1111 τῶν
813 1056 870 1110 ε’πι-

71 1138 199 1215 κειμένων
220 1141 256 1216 τῇ
274 1138 389 1217 Θρηίκῃ,
405 1139 573 1218 παρείχοντο
591 1140 680 1197 εἴκοσι
699 1138 745 1196 καὶ
763 1139 870 1201 ἑκατόν·

71 1228 100 1282 ἐκ
114 1226 166 1303 μέν
181 1252 228 1286 νυν
245 1226 363 1285 τουτέων
380 1229 434 1285 τῶν
452 1231 518 1286 νεῶν
536 1225 632 1302 ἄνδρες
650 1227 870 1304 τετρακισχίλιοι

71 1313 116 1371 καὶ
129 1313 270 1390 δισμύριοι
282 1315 415 1393 γίνονται.
440 1314 524 1383 πεζοῦ
538 1314 575 1382 δὲ,
585 1314 635 1372 τὸν
648 1312 764 1389 Θρήϊκες
777 1315 871 1388 παρεί-

68 1425 162 1476 χοντο,
174 1401 220 1458 καὶ
234 1401 361 1468 Παίονες,
374 1401 420 1457 καὶ
432 1398 550 1475 Ἐορδοὶ,
563 1400 609 1457 καὶ
619 1403 769 1468 Βοττιαῖοι,
781 1400 826 1456 καὶ
836 1400 870 1460 τδ

70 1486 240 1545 Χαλκιδικδν
253 1487 340 1565 γένος,
355 1487 400 1543 καὶ
414 1487 527 1566 Βρύγοι,
539 1486 584 1543 καὶ
598 1488 705 1561 Πίερες,
716 1486 761 1542 καὶ
775 1492 869 1545 Μακε-

70 1571 153 1641 δόνες,
168 1574 213 1630 καὶ
227 1574 394 1648 Περραιβοὶ,
410 1573 455 1630 καὶ
468 1572 597 1647 Ἐνιῆνες,
613 1574 658 1631 καὶ
671 1573 808 1642 Δόλοπες,
824 1576 869 1633 καὶ

70 1659 225 1740 Μάγνητες,
233 1660 278 1716 καὶ
287 1658 405 1737 Ἀχαιοὶ,
416 1661 460 1717 καὶ
469 1658 534 1719 ὅσοι
540 1664 589 1734 τῆς
594 1661 715 1736 Θρηίκης
722 1660 773 1735 τήν
781 1687 869 1738 παρα-

70 1747 134 1822 λίην
152 1739 405 1823 νέμονται,’τούτων
423 1752 477 1806 τῶν
496 1748 593 1807 ἐθνέων
608 1747 756 1824 τριήκοντα
774 1749 869 1825 μυριά-

71 1833 118 1896 δας
140 1834 233 1893 δοκέωΙ
245 1833 385 1914 γενέσθαι·
406 1831 487 1894 αὗται
509 1834 546 1894 ὧν
567 1839 595 1894 αἱ
616 1835 744 1911 μυριάδες
762 1836 872 1915 κείνῃσι-

69 1913 270 1998 προστεθέῖσαι
285 1926 353 2002 τῇσι
369 1928 399 1981 ἑκ
414 1926 465 1998 τῆς
482 1923 581 1998 Ἀσίης
596 1924 719 2005 γίνονται
736 1928 765 1982 αἱ
777 1928 869 1984 πᾶσαι

69 2011 174 2087 αἷνδριῦν
189 2014 218 2070 αἶ
233 2009 353 2090 μάχιμοι
371 2010 500 2088 μυριάδες
519 2010 659 2086 διηκόσιαι
677 2011 749 2068 καὶὲ
777 2011 869 2071 ’κοντα

69 2099 114 2157 καὶ
129 2098 268 2176 τέσσερες,
290 2099 381 2157 ἑτεισι
400 2098 430 2157 δὲ
445 2097 566 2178 ταύτῃσι
584 2098 760 2162 ἑκατοντάδες
780 2101 868 2158 ἑκκαί·
925 2159 928 2165 ,

68 2188 133 2246 δεκα
157 2187 202 2246 καὶ
229 2186 318 2260 δεκάς.
360 2190 416 2246 Τοῦ
444 2187 572 2266 μαχίμου
600 2187 630 2246 δὲ
643 2186 742 2246 τούτου
757 2185 915 2251 ε’όντος186

68 2273 186 2352 α’ριθμδν
201 2274 346 2345 τοσούτου,
359 2274 412 2351 τήν
428 2275 580 2353 θεραπηίην
592 2273 644 2351 τήν
658 2276 794 2352 ἑπομένην
806 2274 868 2334 τού-

67 2388 151 2433 τοισι,
162 2363 208 2421 καὶ
220 2363 284 2426 τοῦς
298 2368 326 2423 ε’ν
339 2367 415 2423 τοῖσι
428 2367 613 2444 σιταγωγοῖσι
625 2362 755 2423 άκάτοισι
765 2362 868 2435 ἐόντας,

68 2450 113 2507 καὶ
139 2449 218 2525 μάλα
245 2455 274 2510 ε’ν
298 2454 375 2510 τοῖσι
401 2450 518 2511 ἄλλοισι
545 2451 673 2510 πλοίοισι
699 2454 775 2510 τοῖσι
809 2451 866 2528 ἅμα

67 2537 188 2594 πλέουσι
203 2541 239 2615 τῇ
262 2543 389 2617 στρατιῇ,
407 2538 521 2602 τούτους
538 2542 594 2599 τῶν
610 2538 741 2617 μαχίμων
761 2538 867 2616 άνδριῦν

68 2623 100 2683 ού
121 2623 206 2683 δοκέω
229 2624 298 2685 εἶναι
319 2626 485 2701 ἐλάσσονας,
508 2626 584 2686 ἀλλὰ
605 2630 735 2691 πλεῦνας·
766 2628 812 2686 καὶ
833 2626 867 2704 δή

68 2719 159 2788 σφεας
178 2713 262 2771 ποιέω
275 2714 354 2775 ἴσους
367 2714 495 2773 ἐκείνοισι
509 2715 586 2784 εἶναι,
601 2716 646 2773 καὶ
660 2714 723 2775 οὔτε
736 2720 865 2785 πλεῦνας,

68 2798 130 2860 αῦτε
157 2798 317 2864 ἐλάσσονας
344 2798 431 2860 οὐδέν·
468 2800 639 2871 ἐξισούμενοι
666 2802 695 2861 δὲ
726 2801 803 2863 οῦτοι
828 2807 867 2882 τῷ

67 2888 189 2967 μαχίμκρ,
213 2892 386 2965 ἐκπληροῦσι
411 2886 462 2952 τάς
484 2889 549 2952 ἴσας
574 2890 708 2967 μυριάδας
735 2890 865 2966 ἐκείνῃσι·

68 2974 137 3034 οὕτω
151 2977 336 3053 πεντηκοσίας
350 3002 381 3036 τε
399 2975 533 3053 μυριάδας
549 2977 594 3034 καὶ
613 2977 702 3036 εἴκοσι
720 2976 765 3035 καὶ
784 2973 864 3046 ὄκτοδ,

69 3061 115 3119 καὶ
126 3063 255 3140 χιλιάδας
268 3067 349 3141 τρεῖς,
364 3065 410 3122 καὶ
423 3063 603 3127 ἑκατοντάδας
616 3062 672 3133 δύο,
688 3064 734 3120 καὶ
751 3062 873 3122 δεκάδας

69 3148 118 3208 δύο
130 3147 234 3224 α’νδρῦν
246 3150 335 3234 ήγαγε
348 3151 456 3230 Ξέρξης
470 3151 486 3212 δ
503 3152 628 3229 Δαρείου
643 3141 901 3226 μἐγψιῖᾟῶδῦς

59 3236 108 3293 καὶ
121 3240 339 3310 Θερμοπυλέων.
385 3238 485 3307 Ov‘tros
500 3243 554 3318 μὶν
570 3238 615 3314 δὴ
629 3239 684 3296 τοῦ
706 3213 968 3291 αυυδπαντυῦῗλ

73 3313 186 3365 ΙΙ.-16
