2024 3450
120 121 168 170 ττι
424 113 607 162 Ἠυοιουου
827 111 928 178 [vm.

123 196 281 269 θαλάσσης·
296 195 384 254 αἴτιον
394 193 424 252 δέ
434 196 518 253 τοῦτο
531 192 667 272 λέγοντες,
681 191 711 252 εὖ
723 192 821 273 λέγειν
831 195 932 276 ἔμοιγε

123 284 260 342 δοκέουσι.
291 281 356 344 τούς
366 282 395 340 δὲ
405 281 631 362 περιγενομένους
644 278 737 360 άπήγε
746 279 932 358 Ἀρτάβαζος

122 375 149 433 ἐς
162 371 326 445 Θεσσαλίην
343 373 419 448 παρά
437 368 607 446 Μαρδόνιον.
648 366 725 427 οὗτοι
741 371 794 446 μέν
813 373 841 430 οἱ
859 399 931 449 προ·

122 459 282 535 πέμψαντες
294 459 421 534 βασιλέα
436 457 506 517 οὕτω
520 457 649 535 ἔπρηξαν.
796 469 799 472 ’

76 548 134 607 130
183 545 217 605 Ὁ
231 547 260 605 δὲ
273 546 399 609 ναυτικάς
411 545 543 622 όΞέρξεω
556 542 775 626 περιγενόμενος,
788 545 826 609 ὦς
839 574 932 623 προσ-

123 635 199 712 έμιξε
216 639 252 714 τῇ
269 634 353 712 Ἀσίη
372 633 482 713 φεύγων
501 638 530 692 ἐκ
547 634 714 709 Σαλαμῖνος,
734 634 781 691 καὶ
798 635 932 710 βασιλέα

122 749 153 782 τε
167 723 212 782 καὶ
225 722 276 798 τήν
290 722 426 800 στρατιήν
440 727 469 780 ἐκ
484 720 668 798 Χερσονήσου
682 720 890 797 διεπόρθμευσε
905 729 933 785 ἐς

117 809 252 888 Ἀβυδον,
264 811 414 889 ἐχειμέριζε
428 814 458 868 ἐν
468 808 562 887 Κύμῃ·
578 810 656 885 ἔαρος
666 808 694 866 δέ
705 807 931 886 ἐπιλάμψαντος,

124 900 226 975 προίῖος
247 899 412 977 συνελέγετο
433 902 461 959 ἐς
482 895 587 972 Σάμον·
613 899 642 957 αἶ
663 896 691 954 δὲ
711 900 767 955 τῶν
787 902 862 972 νηῶν
884 900 932 957 καὶ

125 988 301 1064 ἐχειμέρισαν
332 985 426 1044 αύτοῦ·
468 985 602 1061 Περσέων
629 985 659 1043 δέ
689 984 735 1042 καὶ
767 985 876 1059 Μήδων
905 991 933 1047 οἱ

124 1077 240 1134 πλεῦνες
268 1071 447 1147 ἐπεβάτευον·
472 1073 627 1152 στρατηγοὶ
654 1073 685 1131 δέ
711 1077 767 1146 σφι
794 1075 931 1148 ἐπῆλθον,

125 1160 291 1237 Μαρδόντης
310 1185 341 1218 τε
360 1159 377 1218 ά
398 1160 522 1242 Βαγαίου
544 1162 589 1219 καὶ
602 1160 772 1238 Ἀρταΰντης
793 1159 809 1218 ό
829 1160 932 1238 Ἀρπα-

125 1249 216 1328 χαίου·
242 1251 365 1328 συνῆρχε
386 1247 415 1306 δέ
434 1247 561 1308 τούτοισι
582 1248 628 1306 καὶ
648 1247 821 1323 ἀδελφιδέος,
844 1249 934 1311 αύτοΰ

125 1335 295 1415 Ἀρταΰντεω
335 1335 554 1414 προσελομένου,
596 1335 762 1412 Ἰθαμίτρης.
817 1336 867 1397 ἅτε
903 1340 934 1398 δέ

128 1425 257 1505 μεγάλως
274 1426 436 1507 πληγέντες,
451 1423 483 1484 ού
503 1424 645 1501 προήῖσαν
665 1422 789 1500 ἀνωτέρω
809 1426 843 1486 τδ
860 1427 935 1504 πρός

126 1515 254 1590 ἑσπέρης,
274 1513 331 1574 οὐδ’
350 1507 522 1594 ἐπηνάγκαζε
538 1513 635 1575 οὐδείς·
656 1510 722 1570 ἀλλ’
740 1516 770 1571 ἐν
789 1516 825 1591 τῇ
844 1514 934 1595 Σάμῳ

128 1601 285 1679 κατήμενοι,
300 1601 469 1679 ἐφύλασσον
482 1600 533 1677 τήν
548 1600 653 1675 Ἰωνίην
666 1599 706 1676 μή
721 1598 844 1677 ἀποστῇ,
863 1607 936 1678 νῆας

127 1690 236 1768 ἔχοντες
259 1690 313 1750 σύν
336 1694 405 1769 τῇσι
426 1688 501 1748 Ἰάσι
521 1689 704 1766 τριηκοσίας.’
733 1687 765 1746 ού
785 1687 846 1763 μὴν
869 1689 936 1750 οὐδὲ

127 1778 331 1854 προσεδέκοντο
361 1777 426 1840 τούς
454 1777 599 1852 Ἕλληνας
629 1776 796 1836 ἐλεύσεσθαι
826 1784 854 1840 ἐς
880 1779 936 1855 τήν

127 1863 240 1940 Ἰωνίην,
250 1864 315 1924 ἀλλ’
326 1864 500 1944 ἀποχρήσειν
511 1871 566 1940 σφι
580 1864 632 1940 τήν
644 1868 749 1924 ἐωυτῶν
758 1866 935 1940 φυλάσσειν·

128 1952 334 2029 σταθμεύμενοι
361 1953 404 2013 ὅτι
423 1953 517 2030 σφέας
536 1951 586 2012 οὐκ
608 1953 756 2021 ἐπεδίωξαν
776 1951 937 2033 φεύγοντας

129 2045 159 2100 ἐκ
184 2042 350 2119 Σαλαμῖνος,
373 2040 438 2101 ἀλλ’
460 2040 578 2120 ἄσμενοι
596 2039 831 2100 ἀπαλλάσσοντο·
861 2045 937 2103 κατά

127 2131 180 2206 μέν
203 2156 251 2190 νυν
270 2130 322 2206 τήν
343 2129 495 2190 θάλασσαν
515 2130 672 2206 ἐσσωμένοι
691 2128 767 2204 ἦσαν
786 2133 825 2208 τῷ
845 2131 936 2211 θυμῷ,

129 2219 199 2295 πεζή
220 2218 250 2276 δέ
269 2218 379 2278 ἐδόκεον
398 2218 509 2277 πολλάν
528 2216 678 2293 κρατήσειν
695 2216 745 2276 τόν
761 2216 936 2295 Μαρδόνιον·

130 2304 219 2366 ἐόντες
233 2305 305 2364 δὲέν
319 2305 411 2382 Σάμῳ,
427 2303 485 2380 άμα
498 2307 549 2381 μὲν
563 2305 748 2380 ἐβουλεύοντο
763 2306 827 2365 εἴτι
841 2305 937 2366 δυναί-

131 2416 192 2450 ατο,
217 2391 302 2450 κακόν
336 2390 401 2453 τούς
426 2394 578 2468 πολεμίους
606 2394 717 2464 ποιέειν,
745 2392 803 2470 ἅμα
830 2393 862 2451 δέ
888 2396 938 2454 καὶ

131 2476 322 2544 ὠτακούστεον
334 2477 386 2554 ὅκη
400 2478 530 2539 πεσέεται
544 2480 579 2540 τά
594 2482 755 2558 Μαρδονίου
768 2480 934 2561 πρήγματα.

84 2567 139 2625 131
190 2564 261 2627 Τούς
274 2565 456 2641 δὲἝλληνας
468 2567 500 2628 τό
513 2595 544 2628 τε
558 2570 606 2646 ἐαρ
618 2569 765 2650 γινόμενον
778 2568 873 2650 ήγειρε
887 2572 937 2630 καὶ

53 2653 56 2657 ’
130 2653 289 2730 Μαρδόνιος
307 2660 336 2714 ἐν
352 2657 500 2737 Θεσσαλίη
515 2657 574 2717 ἐάν.
620 2657 635 2717 ὁ
651 2659 703 2734 μὲν
718 2657 752 2734 δή
766 2656 849 2727 πεζάς
861 2657 937 2718 οὔκω

130 2741 307 2822 συνελέγετο·
328 2742 344 2802 ὁ
363 2743 393 2801 δὲ
411 2744 537 2808 ναυτικὰς
553 2743 667 2804 ἀπίκετο
684 2751 711 2808 ἐς
730 2746 855 2826 Αἴγιναν,
870 2749 937 2822 νῆες

129 2829 249 2907 ἀριθμδν
262 2831 328 2890 δέκα
341 2831 387 2891 καὶ
402 2831 508 2893 ἑκατόν·
523 2833 682 2913 στρατηγὸς
695 2832 725 2892 δέ
738 2833 784 2892 καὶ
795 2831 938 2913 ναύαρχος

129 2917 165 2994 ἦν
191 2920 361 3000 Λευτυχίδης
388 2919 404 2981 ὁ
431 2919 582 2997 Μενάρεος,
609 2923 660 2979 τοῦ
685 2920 857 3002 Ἡγησίλεω,
880 2926 937 2989 γτού

121 3005 347 3089 Ἰπποκρατιδεω,
366 3013 420 3074 τοῦ
439 3008 628 3090 Λευτυχίδεω,
643 3011 694 3068 τοῖι
704 3007 875 3072 Ἀναξίλεω,
892 3013 945 3061 τοῖς

102 3091 292 3181 Ἀρχιδήμου,
309 3108 366 3167 τοῦ
380 3098 627 3180 Ἀναξανδρίδεω,
639 3097 694 3155 τοῦ
710 3089 900 3185 Θεοπύθῖω·
910 3091 965 3138 ²0³³

77 3185 267 3271 Maea'vSpov,
285 3202 347 3260 τοῦ
365 3195 552 3277 Χαρίλλου,
568 3191 627 3252 τοῦ
640 3180 799 3256 Εὖνὸθο”’
809 3192 862 3227 ‘⁰¹'
877 3168 985 3298 ng*

60 3264 197 3356 fff'tcrcos,
217 3293 279 3351 τοῦ
301 3288 506 3375 Πρυτάνιος.
530 3285 589 3347 τοῦ
609 3269 835 3353 ΕὖΡυῴῶντος’
850 3268 906 3308 ’που
957 3263 1007 3311 9⁰⁴
