2024 3450
131 109 178 156 ιιι
443 105 625 153 πιτοιουοτ
872 109 934 173 [ινα

131 186 180 246 σοὶ
207 184 296 246 ἐόντες
319 181 385 256 οἶδε,
412 181 431 258 ἦ
454 184 506 259 μὲν
531 183 654 259 Σαμίους
679 182 747 260 ἡμῖν
775 187 938 264 προθύμους

84 277 122 334 92
132 273 248 333 ἔσεσθαι
276 269 467 349 συμμόχους.”
508 270 601 329 Τοῦτό
621 297 653 330 τε
673 270 732 347 ἅμα
752 271 872 354 ἠγόρευε
893 279 938 335 καὶ

130 361 164 420 τό
183 361 263 439 ἔργον
283 362 421 439 προσῆγε·
443 357 540 418 αὐτίκα
554 358 609 438 γὰρ
629 362 655 418 οἱ
672 359 776 435 Σάμιοι
793 362 894 423 πίστιν
908 391 939 425 τε

133 448 179 507 καὶ
208 445 288 524 ὅρκια
320 451 460 506 ἐποιεῦντο
493 447 656 524 συμμαχίης
682 448 746 522 πέρι
776 449 849 524 πρός
875 451 939 516 τούς

127 535 281 612 Ἕλληνας·
308 537 396 594 ταῦτα
417 535 447 594 δὲ
466 534 643 609 ποιήσαντες,
665 537 692 594 οἱ
712 537 765 610 μὲν
785 535 938 599 ἀπέπλεον·

132 623 204 702 μετοῖ
216 624 313 699 σφέων
326 621 381 703 γοῖρ
397 623 505 681 ἐκέλευε
522 622 618 682 πλέειν
633 621 684 682 τόν
696 621 938 703 Ἡγησίστρατον,

134 712 230 773 οἰωνόν
250 711 282 771 τό
304 709 408 787 οὐνομα
428 708 599 785 ποιεύμενος·
627 712 654 768 οἱ
674 709 704 768 δὲ
719 709 862 787 Ἕλληνες
883 719 940 773 ε’πι-

135 800 252 879 σχόντες
265 796 368 874 ταύτην
383 797 435 873 τήν
450 797 563 874 ἡμέρην,
577 802 613 875 τῇ
633 797 767 877 ὑστεραίῃ
781 803 940 880 ἐκαλλιερέ-

136 915 208 959 οντο,
241 887 445 963 μαντευομένου
472 891 528 961 σφι
557 885 702 961 Δηῖφόνου
728 889 779 946 τοῦ
809 887 939 964 Εὐηνίου,

135 974 234 1051 α’νδρός
252 972 492 1048 Ἀπολλωνιήτεω,
518 972 712 1049 Ἀπολλωνίης
732 973 762 1032 δὲ
782 979 834 1051 τῆς
855 981 885 1036 ἐν
904 981 941 1056 τῷ

134 1061 221 1139 Ἰονίῳ
248 1062 352 1139 κόλπῳ·
384 1065 434 1120 τοῦ
460 1061 510 1121 τόν
529 1062 636 1138 πατέρα
658 1063 800 1138 κατέλαβε
815 1063 942 1141 Εὐήνιον

89 1153 126 1208 93
136 1153 253 1231 πρῆγμα
266 1147 381 1208 τοιόνδε·
396 1147 483 1208 Ἐστι
500 1153 529 1209 ἐν
546 1154 582 1227 τῇ
597 1148 778 1228 Ἀπολλωνίῃ
790 1150 880 1230 ταύτῃ
895 1152 941 1229 ἱρὰ

135 1237 218 1313 ἡλίου
236 1237 376 1316 πρόβατα,
394 1234 430 1296 τό
447 1237 498 1301 τὰς
513 1240 565 1314 μὲν
583 1236 688 1314 ἡμέρας
705 1237 846 1313 βόσκεται
864 1239 941 1316 παρὰ

136 1326 271 1403 ποταμόν,
287 1325 317 1389 ὃς
330 1330 360 1383 ἐκ
370 1323 523 1401 Λόκμωνος
537 1323 631 1401 οὔρεος
643 1326 699 1401 ῥέει
713 1324 758 1384 διαὶ
771 1327 822 1400 τῆς
834 1324 940 1386 Ἀπολ-

137 1417 238 1491 λωνίης
258 1414 349 1493 χώρης
371 1418 398 1475 ἐς
422 1411 582 1480 θάλασσαν,
607 1411 671 1487 παρ’
690 1410 806 1489 Ὤρικον
828 1415 940 1490 λιμένα·

60 1552 62 1556 .
136 1501 185 1565 τοὶς
204 1503 233 1561 δὲ
251 1502 350 1564 νύκτας
368 1499 546 1578 ἀραιρημένοι
563 1498 658 1576 ἄνδρες
675 1503 702 1559 οἱ
718 1499 834 1580 πλούτιρ
849 1525 881 1560 τε
895 1503 941 1561 καὶ

136 1591 210 1670 γένεϊ
236 1588 419 1666 δοκιμώτατοι
443 1591 497 1647 τῶν
524 1585 724 1660 ἅστῶν,“οὗτοι
751 1587 942 1663 φυλάσσουσι

138 1678 261 1738 ἐνιαυτόν
283 1679 408 1740 ἕκαστος·
443 1676 507 1753 περὶ
528 1679 640 1735 πολλοῦ
661 1674 716 1756 γοῖρ
739 1675 773 1751 δή
797 1679 941 1736 ποιεῦνται

136 1765 362 1840 Ἀπολλωνιῆται
381 1763 418 1824 τό
437 1763 571 1840 πρόβατα
597 1766 692 1835 ταῦτα,
715 1767 745 1821 ἔκ
769 1763 942 1840 θεοπροπίου

136 1853 219 1914 τινός·
241 1857 269 1911 ἐν
283 1852 312 1910 δὲ
330 1851 418 1930 ἄντρῳ
437 1850 604 1922 αὐλίζονται,
618 1848 674 1910 οἷπύ
688 1853 738 1924 τῆς
751 1849 853 1913 πόλιος
867 1853 940 1916 έκός·

138 1941 203 2001 ἔνθα
216 1939 249 2016 δή
262 1939 326 2000 τότε
337 1939 352 2000 ὁ
362 1938 480 2016 Εὐήνιος
494 1937 573 2001 οὗτος
584 1938 765 2015 ἀραιρημένος
779 1939 940 2014 ἐφύλασσε·

137 2030 186 2089 καί
214 2055 276 2090 κοτε
307 2027 391 2087 αὐτοῦ
413 2025 682 2103 1κατακοιμήσαντος
714 2025 766 2102 τήν
798 2028 941 2104 φυλακήν,

137 2117 326 2195 παρελθόντες
352 2115 433 2176 λύκοι
461 2121 487 2178 ἐς
513 2115 546 2174 τό
574 2113 673 2191 ἄντρον
700 2114 861 2192 διέφθειραν
886 2122 942 2176 τοῖν

137 2206 289 2282 προβάτων
310 2203 344 2266 οἷς
365 2204 507 2279 ἑξήκοντα·
529 2202 593 2262 ὅδὲ
612 2202 647 2265 ὦς
666 2202 771 2278 ἐπήῖσε,
791 2202 850 2281 εἶχε
871 2212 942 2285 σιγῇ

138 2293 184 2351 καὶ
210 2294 313 2369 ἔφραζε
336 2291 432 2359 οὐδενὶ,
458 2296 486 2349 έν
514 2291 567 2369 νόιρ
593 2292 663 2368 ἔχων
690 2289 943 2367 ἀντικαταστήσειν

138 2379 215 2438 ἅλλα
228 2378 389 2454 πριάμενος·
411 2378 457 2434 καὶ
471 2377 503 2434 οὐ
516 2377 570 2458 γὰρ
588 2379 672 2438 ἔλαθε
690 2378 755 2441 τούς
766 2376 941 2439 Ἀπολλωνι-

137 2466 205 2541 ήτας
217 2469 305 2524 ταῦτα
317 2463 460 2544 γενόμενα,
474 2463 539 2522 ἀλλ’
551 2464 586 2527 ὥς
597 2465 739 2537 ε’πύθοντο,
749 2465 944 2547 ὐπαγαγόντες

139 2579 188 2630 μιν
211 2552 265 2612 ὐπό
288 2552 466 2629 δικαστήριον
489 2553 657 2630 κατέκριναν,
680 2553 716 2617 οἷς
736 2553 788 2629 τήν
810 2555 943 2630 φυλακήν

139 2640 392 2717 κατακοιμήσαντα,
409 2645 460 2716 τῆς
479 2639 559 2719 ὄψιος
579 2642 759 2718 στερηθῆναι·
779 2642 841 2701 ε’πεί
859 2667 890 2700 τε
913 2643 944 2702 δὲ

139 2727 188 2788 τόν
208 2727 327 2803 Εὐήνιον
346 2728 551 2805 ἐξετύφλωσαν,
566 2728 664 2788 αὐτίκα
682 2728 754 2806 μετὰ
769 2733 857 2788 ταῦτα
877 2727 943 2789 οὐτε

138 2815 271 2894 πρόβατά
290 2823 346 2893 σφι
364 2818 451 2876 ἔτικτε
470 2815 533 2876 οὐτε
549 2821 587 2897 γῆ
606 2820 687 2892 ἔφερε
706 2816 806 2893 ὁμοίως
824 2817 943 2892 καρπόν·

139 2905 288 2983 πρόφαντα
309 2906 340 2965 δέ
359 2911 415 2979 σφι
440 2905 468 2964 έν
487 2929 518 2963 τε
539 2903 658 2982 Δωδώνη
680 2906 725 2961 καὶ
747 2909 775 2963 ἐν
797 2907 944 2979 Δελφοῖσι

140 2995 253 3074 ἐγίνετο,
270 2993 332 3054 ε’πεί
342 3018 373 3052 τε
387 2990 547 3068 ἐπειρότευν
563 2991 627 3053 τὀὐς
645 2992 792 3067 προφήτας
806 2991 838 3050 τό
853 2991 945 3052 αἴτιον

134 3086 189 3142 τού
210 3081 364 3164 παρεόντος
387 3084 481 3151 κακοῦ,
506 3082 533 3138 οἱ
556 3079 586 3137 δὲ
609 3078 720 3137 αὐτοῖσι
745 3079 874 3153 ἔφραζον,
899 3079 945 3139 ὅτι

69 3134 230 3252 Νίκας
242 3174 296 3239 τόν
310 3173 447 3256 φύλακον
456 3173 513 3234 τῶν
526 3171 593 3248 ἱρῶν
607 3163 886 3263 προβότωνῖιύίμιωγ
898 3173 952 3236 τῆς

181 3290 203 3331 ις
216 3269 404 3349 ἐστέρησαν·
426 3262 514 3329 αὐτοὶ
528 3259 587 3344 γὰρ
602 3253 769 3331 {nopfimt
779 3269 846 3304 τως
854 3248 968 3302 manv
