2024 3450
131 103 179 149 114
448 98 630 164 Ἧυοιουοι
870 99 929 163 [v1.

131 179 205 238 αἴτεε
219 177 317 238 ἐκατδν
330 176 463 246 τάλαντα,
477 175 542 251 φάς,
556 175 591 251 ἢν
604 177 645 254 μή
659 181 686 237 οἱ
698 178 776 249 δῶσι,
790 178 840 238 ούκ
861 179 929 239 άπα-

131 266 285 343 ναστήσειν
300 266 351 342 τήν
372 264 508 342 στρατιήν
527 263 623 342 πρὶνῆ
639 266 722 343 ἐξέλῃ
739 267 839 342 σφέας·
861 271 888 326 οἱ
903 269 932 326 δὲ

133 353 235 430 Πάριοι
262 353 330 416 ὅκως
352 355 403 429 μέν
427 380 455 412 τι
482 350 607 411 δώσουσι
630 352 774 431 Μιλτιάδῃ
800 353 932 434 οἶργυρίου

133 441 195 501 οὐδὲ
209 440 369 501 διενοεῦντο·
392 444 418 500 οἱ
432 441 462 499 δέ
478 439 546 503 ὅκως
563 440 769 516 διαφυλάξουσι
782 440 835 517 τήν
848 442 932 501 πόλιν

131 532 214 589 τοῦτο
236 533 422 608 ἐμηχανῶντο,
443 527 521 587 ἅλλα
541 554 572 587 τε
594 528 811 605 ἐπιφραζόμενοι
832 530 878 587 καὶ
896 534 932 608 τῇ

131 615 260 693 μάλιστα
274 617 338 676 ἐσκε
352 616 485 675 ἑκάστοτε
499 617 637 695 ἐπίμαχον
657 619 706 675 τοῦ
722 617 835 693 τείχεος,
849 620 932 676 τοῦτο

87 705 143 763 134
153 703 211 782 ἅμα
224 705 301 764 νυκτὶ
315 704 427 783 ἐξήρετο
442 703 594 780 διπλήσιον
607 707 656 763 τοῦ
670 702 797 781 οἷρχαίου.
826 701 933 780 Ἐςμὲν

133 791 167 868 δή
187 798 308 853 τοσοῦτο
328 797 378 852 τοῦ
399 791 487 873 λόγου
503 795 529 850 οἱ
543 791 643 855 πάντες
652 791 790 866 Ἕλληνες
804 792 931 872 λέγουσι·

132 878 165 939 τό
182 881 306 940 ἐνθεῦτεν
321 880 351 939 δέ
365 879 443 939 αὐτοὶ
457 878 560 955 Πάριοι
580 880 711 960 γενέσθαι
732 877 783 937 ὧδε
803 880 930 958 λέγουσι·

133 967 276 1046 Μιλτιάδῃ
298 966 445 1044 άπορέοντι
466 967 558 1026 ἐλθεῖν
580 972 607 1029 ἐς
628 967 730 1048 λόγους
754 967 932 1045 αἰχμάλωτον

131 1058 257 1133 γυναῖκα,
280 1059 383 1114 ἐοῦσαν
405 1057 457 1131 μὲν
480 1055 591 1131 Παρίην
607 1055 699 1134 γένος,
723 1053 828 1130 οὕνομα
852 1055 883 1113 δέ
905 1060 932 1114 οἱ

134 1141 203 1200 εἶναι
213 1145 327 1217 Τιμοῦν·
350 1142 418 1202 εἶναι
428 1142 458 1207 δὲ
470 1140 641 1217 ὑποζάκορον
654 1146 709 1200 τῶν
721 1142 838 1220 χθονίων
853 1143 930 1202 θεῶν·

132 1228 235 1305 ταύτην
253 1230 283 1288 δὲ
302 1231 442 1291 ἐλθοῦσαν
456 1234 483 1292 ἐς
496 1229 561 1308 ὄψιν
575 1228 735 1288 Μιλτιάδεω
754 1231 932 1305 συμβουλεῦ-

133 1316 187 1402 σαή
194 1320 234 1388 οἱ,-
248 1321 272 1378 ez
284 1318 348 1395 περὶ
361 1307 478 1377 πολλοῦΙ
490 1318 613 1377 ποιέεται
628 1316 725 1392 Πάρον
745 1320 825 1385 ἑλεῖν,
845 1316 880 1375 τά
898 1315 932 1377 ἂν

133 1403 205 1480 αι’πή
218 1404 358 1481 ύποθῆται
370 1409 457 1466 ταῦτα
471 1405 582 1465 ποιέειν·
603 1404 674 1482 μετά
689 1404 725 1474 δὲ,
735 1403 787 1478 τήν
800 1405 852 1479 μὲν
865 1403 930 1463 ύπο-

134 1494 243 1564 θέσθαι,
257 1493 306 1554 τόν
319 1493 349 1552 δὲ
363 1492 530 1570 ἀπικόμενον
543 1494 589 1552 ἐπὶ
602 1491 652 1553 τδν
666 1492 788 1551 κολωνόν
807 1491 856 1551 τόν
876 1492 930 1569 πρδ

134 1585 183 1655 τῆς
204 1581 304 1644 πόλιος
325 1580 406 1640 ἐόντα
429 1580 559 1658 τὸἐρκος
579 1579 760 1656 θεσμοφόρου
783 1578 931 1656 Δήμητρος

135 1667 320 1746 ὑπερθορέειν,
334 1668 367 1729 ού
388 1669 537 1746 δυνάμενον
552 1668 602 1732 τὰς
616 1667 700 1744 θύρας
713 1667 829 1736 ἀνοῖξαι·
850 1666 931 1743 ὑπερ-

135 1755 253 1834 θορόντα
267 1757 296 1817 δέ
311 1759 378 1817 ἱέναι
393 1758 437 1817 ἐπὶ
451 1757 483 1817 τό
496 1757 621 1838 μέγαρον
639 1754 655 1815 ὅ
674 1781 702 1815 τι
720 1754 754 1830 δή
775 1753 931 1830 ποιήσοντα

134 1843 218 1913 ἐντός,
233 1846 287 1904 εἴτε
308 1845 457 1920 κινήσοντά
476 1871 504 1904 τι
524 1849 579 1905 τῶν
599 1843 732 1920 άκινήτων
746 1843 800 1902 εἴτε
813 1842 829 1902 ὅ
842 1868 869 1901 τι
883 1842 928 1918 δή·

133 1956 202 1990 ποτε
217 1931 368 2009 πρήξοντα·
388 1931 459 2008 πρός
477 1936 544 2010 τῇσι
559 1931 663 2012 θύρῃσί
679 1957 711 1990 τε
730 1931 869 2011 γενέσθαι,
884 1931 929 1993 καὶ

132 2018 254 2094 πρόκατε
268 2022 369 2098 φρίκης
381 2019 465 2085 αὐτόν
478 2019 663 2096 ὑπελθούσης,
675 2019 766 2079 ὀπίσω
779 2018 830 2093 τὴν
843 2016 929 2092 αὐτήν

120 2105 198 2187 νὁδόν
220 2107 321 2168 ἵεσθαι·
349 2107 582 2184 καταθρώσκοντα
603 2108 632 2167 δὲ
653 2107 705 2183 τήν
724 2104 858 2182 αἱμασιὴν
879 2103 929 2164 τόν

132 2195 221 2270 μηρόν
235 2197 409 2270 σπασθῆναι·
431 2199 457 2253 οἱ
471 2195 500 2254 δέ
514 2195 597 2255 αὐτδν
610 2193 642 2254 τό
656 2194 724 2275 γόνυ
735 2196 929 2270 προσπταῖσαι

89 2282 143 2338 135
155 2282 283 2361 λέγουσι.
324 2283 483 2359 Μιλτιάδης
500 2283 552 2358 μέν
574 2309 621 2342 νυν
640 2281 771 2359 φλαύρως
789 2284 858 2360 ἔχων
877 2280 929 2340 άπ-

134 2367 216 2426 έπλεε
237 2367 336 2437 ὀπίσω,
351 2367 414 2428 οὔτε
431 2368 564 2448 χρήματα
582 2368 756 2446 Ἀθηναίοισι
777 2369 851 2451 άγων
869 2369 932 2428 οὔτε

136 2453 513 2537 Πάρονιπροσκτησάμενος,
538 2457 615 2516 ἀλλά
637 2457 830 2533 πολιορκήσας
850 2483 881 2516 τε
903 2458 934 2525 ἐξ

134 2541 181 2598 καὶ
199 2540 289 2600 εἴκοσι
305 2541 410 2621 ήμέρας
427 2544 473 2602 καὶ
491 2544 612 2621 δηῖόσας
624 2544 675 2620 τήν
690 2548 787 2620 νῆσον.
829 2544 933 2620 Πάριοι

134 2627 164 2686 δὲ
183 2628 335 2705 πυθόμενοι
353 2631 389 2695 ὦς
401 2631 420 2707 ή
433 2631 605 2709 ύποζάκορος
615 2635 672 2700 τῶν
686 2632 755 2692 θεῶν
769 2631 846 2708 Τιμιδ
859 2636 933 2690 Μιλ-

84 2721 86 2728 ’
132 2714 213 2794 τιάδῃ
242 2718 431 2798 κατηγήσατο,
458 2719 633 2797 βουλόμενοι’
658 2745 707 2796 μιν
739 2718 801 2779 άντὶ
831 2718 935 2777 τούτων

133 2803 357 2880 τιμωρήσασθαι,
380 2806 553 2884 θεοπρόπους
574 2807 718 2884 πέμπουσι
743 2805 935 2890 ε’ςΔελφούς,

135 2890 170 2954 ὥς
190 2898 282 2968 σφεας
302 2892 408 2973 ἡσυχίη
421 2899 471 2970 τῆς
484 2895 648 2972 πολιορκίης
662 2896 738 2972 ἔσχε·
761 2897 885 2971 ἔπεμπον
905 2893 935 2952 δέ

126 2981 368 3058 ἐπεῳησομένους
391 2986 415 3043 εἰ
439 2981 664 3062 καταχρήσονται
686 2981 737 3057 τήν
762 2981 935 3058 ὑποζάκορον

108 3066 170 3120 τῶν
199 3067 278 3131 θεῶν
307 3069 348 3137 οἷς
376 3072 600 3158 ἐξηγησαμένην
629 3073 709 3131 τοῖσι
738 3071 865 3148 ἐχθροῖσι
888 3073 941 3141 τῆς

84 3152 243 3250 ε’Νξῗιθίθος
265 3159 395 3236 ἅλωσιν,
423 3165 472 3225 καὶ
497 3163 536 3225 τά
560 3167 590 3226 ἐς
613 3162 719 3238 ἐρσενα
742 3156 827 3238 γόνον
850 3152 959 3228 δρρτῐτα

77 3250 131 3294 “⁰“
149 3241 530 3337 ἐκῴῇνῡῑσαινΜιλτιάδῃ·
554 3252 575 3333 ή
593 3252 625 3314 δέ
633 3247 739 3323 Πυθίη
756 3242 809 3303 ουκ
820 3242 867 3310 ἐα,
879 3241 979 3324 φῗῑσᾳι
