2024 3450
136 108 183 154 ιιι
440 103 624 150 ωποοοτοι·
877 103 939 168 [lx.

131 183 321 244 ἀνοσιώτατον
347 182 417 260 ἔχων
449 180 536 261 λόγον
565 181 638 240 ἵκετο
664 181 735 257 πρός
761 183 940 258 Παυσανίην.

132 269 299 346 ἀπικόμενος
313 270 351 338 δὲ,
370 268 482 347 σπουδῇ
495 264 575 350 ἔλεγε
593 267 668 328 τάδε·
691 267 739 328 “ὦ
757 273 812 328 παῖ
828 274 941 347 Κλεομ·

133 356 248 435 βράτου,
273 359 355 439 ἔργον
379 358 515 438 ἔργασταί
538 383 583 416 τοι
604 355 745 433 ὑπερφυὲς
765 357 890 437 μέγαθός
910 384 941 418 τε

133 447 179 504 καὶ
198 444 313 509 κάλλος·
335 445 380 504 καὶ
398 445 441 504 τοὶ
461 444 524 507 θεός
539 444 687 520 παρέδωκε,
707 443 870 521 ῥυσάμενον
889 446 943 522 τήν

131 531 259 592 Ἑλλάδα
280 534 361 596 κλέος
381 533 554 593 καταθέσθαι
571 532 708 613 μέγιστον
725 531 874 606 Ἑλλήνων
886 538 943 594 τῶν

134 621 215 699 ήμεΐς
235 621 319 697 ἴδμεν.
363 620 400 679 σύ
417 620 447 679 δὲ
466 620 511 679 καὶ
529 619 564 678 τά
582 618 669 676 λοιπά
689 619 726 677 τά
747 619 793 677 ε’πὶ
813 620 942 681 τούτοισι

133 708 263 785 ποιήσον,
282 709 351 771 ὅκως
369 707 455 788 λόγος
474 709 507 767 τέ
524 733 559 766 σε
582 707 632 784 ἔχῃ
655 707 694 765 ἔτι
714 707 813 783 μέζων,
832 710 882 768 καί
899 736 942 773 τις

133 796 250 874 ὕστερον
272 795 460 872 φυλάσσηται
482 800 537 854 τῶν
557 791 715 870 βαρβάρων
735 793 777 869 μή
804 794 943 876 ύπάρχειν

134 887 201 965 ἔργα
214 884 365 944 ἀτάσθαλα
378 885 478 942 ποιέων
489 888 516 945 ἐς
528 883 593 945 τούς
601 881 756 957 Ἕλληνας.
797 885 943 943 Λεωνῶεω

132 972 187 1050 γάρ
201 971 391 1033 ἀποθανόντος
407 976 436 1031 ἐν
450 971 661 1048 Θερμοπύλῃσι,
675 969 836 1046 Μαρδόνιός
848 998 879 1031 τε
894 973 942 1032 καὶ

132 1058 238 1135 Ξέρξης
261 1057 452 1134 ἀποταμόντες
475 1059 527 1133 τήν
554 1058 683 1134 κεφαλήν
710 1057 940 1136 ἀνεσταύρωσαν·

133 1150 171 1224 τῷ
191 1145 228 1205 σύ
249 1145 301 1220 τήν
321 1143 420 1220 ὁμοίην
441 1144 598 1215 ἀποδιδούς,
619 1148 730 1206 ἔπαινον
752 1146 822 1216 ἔξεις
842 1152 941 1226 πρῶτα

133 1237 184 1310 μὲν
197 1233 251 1295 ύπά
264 1233 374 1293 πάντων
387 1235 591 1309 Σπαρτιητέων,
606 1233 682 1297 αὖτις
696 1235 725 1293 δὲ
740 1235 786 1293 καὶ
799 1235 872 1311 πρὸς
885 1241 942 1296 τῶν

134 1323 229 1383 ἄλλων
248 1321 402 1399 Ἑλλήνων·
436 1321 597 1398 Μαρδόνιον
616 1322 672 1403 γάρ
696 1321 941 1395 ἀνασκάλοπίσας,

86 1413 122 1471 79
132 1412 320 1489 τετιμώρησαι
333 1415 360 1473 ές
372 1408 485 1488 πάτρων
496 1410 546 1470 τάν
565 1410 618 1470 σὸν
630 1409 797 1485 ·Λεωνι’δην.”
839 1410 873 1470 Ὁ
888 1415 941 1488 μὲν

134 1499 233 1559 δοκέων
257 1499 422 1576 χαρίζεσθαι
446 1500 524 1579 ἔλεγε
548 1497 622 1557 τάδε·
658 1497 674 1557 ἀ
701 1497 730 1556 δ’·
752 1498 942 1575 ἀνταμείβετο

131 1587 238 1646 τοῖσδε·
263 1585 312 1644 “ὦ
332 1586 402 1655 ξεῖνε
423 1589 568 1666 Αἰγινῆτα,
589 1585 621 1646 τά
646 1588 699 1662 μὲν
719 1585 821 1646 εὐνοεῖν
842 1612 873 1646 τε
894 1589 941 1646 καὶ

133 1680 257 1751 προορᾶν
283 1673 390 1755 ἀγαμαι
416 1677 478 1733 σεῦ·
516 1674 628 1754 γνώμης
654 1675 750 1750 μέντοι
777 1673 941 1752 ἡμάρτηκας

134 1766 269 1839 χρηστῆς·
291 1760 390 1836 ἐξάρας
408 1760 462 1842 γάρ
481 1788 518 1838 με
538 1761 611 1839 ὑψοῦ
631 1763 676 1820 καὶ
696 1761 748 1837 τήν
767 1761 876 1839 πάτρην
894 1765 940 1821 καὶ

132 1848 166 1906 τά
189 1850 277 1928 ἔργον,
302 1854 329 1911 ἒς
349 1850 381 1907 τό
402 1850 489 1925 μηδὲν
510 1851 667 1925 κατέβαλες
684 1851 840 1925 παραινέων
855 1861 941 1931 νεκρῷ

52 2011 59 2020 ι
133 1936 317 2012 λυμαίνεσθαι
340 1936 394 2005 καὶ,
415 1935 450 2012 ἢν
472 1941 560 1996 ταῦτα
576 1938 668 2007 ποιέω,
688 1936 881 2014 φάςάμεινάν
903 1965 941 2014 με

133 2023 315 2085 ἀκούσεσθαι·
336 2023 372 2083 τά
387 2027 487 2102 πρέπει
507 2029 620 2101 μᾶλλον
641 2024 940 2102 βαρβάροισιποιέειν

132 2111 204 2189 ἥπερ
212 2113 349 2189 Ἕλλησι·
372 2115 417 2172 καὶ
431 2113 560 2172 ε’κείνοισι
579 2113 608 2171 δὲ
628 2113 840 2188 ἐπιφθονέομεν.
883 2116 940 2194 ε’γώ

133 2200 156 2258 δ’
178 2200 215 2259 ὧν
235 2201 333 2260 τούτου
355 2201 444 2259 εἵνεκα
464 2200 536 2276 μήτε
556 2200 723 2281 Αἰγινήτῃσι
739 2200 846 2277 ἅδοιμι,
867 2202 940 2277 μήτε

132 2289 208 2344 τοῖσι
220 2290 309 2346 ταῦτα
323 2287 480 2363 ἀρέσκεται·
498 2287 612 2368 ἀποχρᾷ
625 2287 648 2348 δ’
661 2288 731 2365 ε’μοὶ,
742 2288 941 2369 Σπαρτιήτῃσι

133 2372 321 2449 ἀρεσκόμενον
340 2372 406 2431 ὅσια
427 2376 479 2449 μὲν
500 2377 612 2445 ποιέειν,
627 2376 694 2436 ὅσια
716 2377 746 2436 δὲ
768 2377 813 2436 καὶ
834 2379 939 2457 λέγειν·

133 2460 255 2538 Λεωνίδῃ
266 2461 304 2529 δὲ,
315 2464 353 2539 τῷ
363 2485 399 2535 με
410 2461 529 2523 κελεύεις
543 2470 708 2540 τιμωρῆσαι,
721 2466 795 2540 φημὶ
808 2463 941 2544 μεγάλως

132 2548 348 2625 τετιμωρῆσθαι·
370 2551 483 2628 ψυχῇσί
493 2576 524 2610 τε
536 2554 604 2629 τῇσι
621 2553 706 2612 τῶνδε
722 2551 941 2628 ἀναριθμήτοισι

131 2636 276 2712 τετίμηται
289 2636 371 2700 αύτάς
391 2663 422 2698 τε
441 2639 487 2696 καὶ
504 2642 531 2698 οἱ
546 2637 632 2699 ἀλλοι
648 2643 675 2700 οἱ
689 2644 718 2701 έν
735 2639 941 2718 Θερμοπύλῃσι

133 2724 355 2799 τελευτήσαντες.
375 2724 413 2786 σύ
421 2727 516 2804 μέντοι
527 2729 566 2786 ἔτι
578 2728 647 2806 ἔχων
656 2726 745 2809 λόγον
752 2725 941 2803 τοιάνδεμήτε

133 2813 319 2893 προσέλθῃς*
305 2840 408 2896 εμοιγε,
418 2814 490 2892 μήτε
500 2815 730 2896 συμβουλεύσῃς·
743 2815 825 2896 χάριν
835 2815 897 2875 ἴσθι
907 2841 941 2876 τε

133 2901 185 2962 εἰύν
198 2901 314 2978 ἀπαθής
316 2901 332 2922 ”
374 2902 389 2963 ὁ
399 2905 451 2979 μὲν
463 2902 579 2964 ταῦτα’
561 2903 686 2967 ακούσας
698 2902 918 2962 ἀπαλλάσσετο.

86 2990 124 3048 80
175 2992 339 3067 Παυσανίης
359 2990 444 3050 δὲ
409 3017 537 3071 κηρυγμα
557 2992 747 3067 ποιησάμενος
763 2988 905 3098 μήδενα
886 3017 941 3050 αττ-

126 3079 280 3141 τεσθαι
242 3105 294 3156 της
309 3078 401 3159 ληίης,
410 3079 594 3160 συγκομίζειν
615 3080 724 3138 ἐκέλευε
744 3078 808 3141 τούς
822 3077 946 3142 εἵλωτας

54 3216 69 3258 ι
113 3195 153 3230 τα
164 3171 320 3256 χρήματα·
344 3166 453 3234 οἶδε
437 3166 492 3231 ανά
510 3194 544 3229 το
531 3166 754 3246 στρατύπελον
769 3165 947 3270 οκιλναρεγοι

106 3258 253 3338 εὕρισκον
263 3263 378 3345 σκηνάς
390 3281 670 3336 κατεσκευασμενας
674 3253 778 3345 χρυσὣ
789 3272 835 3303 κω
844 3269 970 3319 “ww
