2024 3450
92 123 201 190 73-76]
402 119 618 173 wpmxopns
864 125 896 171 33

89 206 142 279 μὲν
166 204 199 279 δη
219 202 390 267 α’πελθόιτες
411 208 438 266 ἐς
460 203 513 279 την
534 207 646 278 ἑωυτῶν,
661 204 750 266 αἰτίας
769 201 896 283 μεγάλας

91 291 174 370 εἶχον.

132 379 295 455 Κλεομένης
322 380 352 438 δὲ
379 379 565 455 ἐπιστάμενος
591 379 792 455 περιϋβρίσθαι
814 379 895 438 ἔπεσι
903 380 943 454 74

91 468 137 525 καὶ
151 469 259 548 ἔργοισι
279 466 325 525 ὕπ’
345 466 509 542 Ἀθηναίων,
524 467 658 545 συνέλεγε
679 471 708 524 ἐκ
729 465 824 538 πάσης
838 473 893 526 Πε-

91 553 270 630 λοποννήσου
295 554 427 631 στρατόν,
452 553 484 612 οὗ
508 553 621 630 φράζων
645 559 672 615 ἐς
694 552 727 611 τό
749 557 894 632 συλλέγει,

91 643 230 702 τίσασθαί
247 667 278 702 τε
300 642 403 701 ἐθέλων
423 640 474 700 τδν
490 641 580 717 δῆμον
595 644 650 700 τῶν
669 639 831 715 Ἀθηναίων,
846 641 892 698 καὶ

91 727 244 809 Ἰσαγόρην
256 728 433 805 βουλόμενος
448 727 582 805 τύραννον
596 731 784 802 καταστῆσαι·
799 729 892 797 συνεξ-

92 818 163 889 ῆλθε
183 817 238 897 γάρ
255 821 283 876 οῖ
301 815 382 880 οὗτος
400 822 429 875 ἐκ
443 821 494 892 τῆς
507 816 687 894 α’κροπόλιος.
729 815 894 892 Κλεομένης

91 928 122 962 τε
138 903 172 978 δη
191 904 286 984 στόλῳ
303 903 418 984 μεγάλῳ
436 906 560 980 ἐσέβαλε
578 909 605 967 ἐς
620 902 780 973 Ἐλευσῖνα,
795 903 841 962 καὶ
862 907 890 963 οῖ

92 992 209 1051 Βοιωτοὶ
222 991 278 1052 α’πδ
292 992 469 1069 συνθήματος
479 991 581 1068 Οἰνόην
590 992 716 1068 αἱρέουσι
727 992 773 1050 καὶ
782 991 890 1062 Ὑσιάς,

91 1077 194 1155 δήμους
213 1080 277 1144 τούς
298 1081 433 1158 ἐσχάτους
455 1084 505 1156 τῆς
522 1078 661 1155 Ἀττικῆς·
686 1079 839 1143 Χαλκιδέες
860 1105 891 1139 τε

91 1168 135 1225 ἐπὶ
155 1167 191 1227 τά
210 1169 290 1245 ἕτερα
309 1170 436 1228 ἐσίνοντο
455 1166 576 1230 ἐπιόντες
595 1166 724 1248 [χώρους]
742 1172 793 1243 τῆς
808 1165 897 1226 Ἀττι-

91 1259 148 1330 κῆς.
175 1255 319 1331 Ἀθηναῖοι
333 1257 370 1326 δὲ,
385 1257 484 1333 καίπερ
498 1254 662 1332 ἀμφιβολίῃ
675 1255 812 1333 ἐχόμενοι,
826 1261 891 1312 Βοι-

90 1348 165 1402 ωτῶν
177 1347 229 1419 μὲν
239 1344 285 1402 καὶ
295 1344 458 1402 Χαλκιδέων
472 1348 500 1405 ἐς
512 1342 631 1419 ὕστερον
645 1343 765 1417 ἔμελλον
778 1341 891 1418 μνήμην

90 1430 270 1504 ποιήσεσθαι·
285 1429 547 1504 Πελοποννησίοισι
557 1429 595 1496 δέ,
607 1432 685 1486 ἐοῦσι
699 1433 729 1486 ἐν
737 1427 889 1497 Ἐλευσῖνι,

90 1516 171 1575 ἀντία
185 1518 277 1577 ἔθεντο
290 1518 326 1575 τοὶ
340 1518 427 1576 ὅπλα.
469 1514 642 1573 Μελλόντων
661 1515 690 1572 δὲ
706 1514 841 1590 συνάψειν
854 1515 890 1574 τά
899 1519 937 1577 75

91 1603 270 1679 στρατόπεδα
283 1609 309 1665 ἐς
323 1603 427 1680 μάχην,
439 1601 585 1678 Κορίνθιοι
598 1603 649 1676 μέν
659 1605 764 1676 πρῶτοι
773 1602 829 1676 σφὶ
843 1601 889 1661 αὖ·

90 1693 167 1747 τοῖσι
181 1688 274 1752 δόντες
284 1689 372 1768 λόγον
387 1688 422 1750 ὥς
435 1687 467 1747 οὗ
481 1691 588 1747 ποιοῖεν
597 1687 632 1747 τά
643 1688 742 1758 δίκαια,
750 1689 890 1766 μετεβάλ-

91 1775 177 1835 λοντό
190 1783 220 1835 τε
234 1776 280 1834 καὶ
295 1774 531 1851 ἀπαλλάσσοντο·
551 1775 622 1852 μετά
641 1775 678 1846 δέ,
693 1776 861 1854 Δημάρητος
873 1778 890 1838 ὁ

90 1861 265 1939 Ἀρίστωνος,
285 1863 335 1923 ἐών
356 1864 402 1922 καὶ
420 1861 505 1927 οὗτος
524 1862 665 1939 βασιλεύς
685 1866 888 1941 Σπαρτιητέων,

91 1951 136 2009 καὶ
151 1951 347 2032 συνεξαγαγών
367 1951 464 2028 τετὴν
482 1951 617 2029 στρατιὴν
636 1957 665 2011 ἐκ
682 1953 889 2030 Λακεδαίμονος

90 2039 135 2096 καὶ
148 2037 198 2098 οὔκ
212 2039 262 2099 ἐάν
275 2039 410 2117 διάφορος
424 2045 452 2099 ἐν
464 2044 502 2118 τῷ
515 2039 641 2118 πρόσθεν
657 2041 747 2119 χρόνῳ
761 2043 888 2118 Κλεομέ-

89 2134 138 2184 νεϊ·
160 2127 227 2206 (ἀπὸ
242 2127 272 2186 δέ
283 2127 386 2203 ταύτης
398 2131 448 2202 τῆς
462 2128 646 2206 διχοστασίης
659 2129 739 2203 ἐτέθη
754 2128 839 2204 νόμος
859 2134 888 2188 ἐν

89 2214 213 2294 Σπάρτη,
226 2215 267 2291 μή
282 2216 382 2285 ἐξεῖναι
396 2216 514 2275 ἔπεσθαι
535 2216 712 2293 ἀμφοτέρους
724 2216 789 2278 τούς
801 2219 886 2292 βασι-

88 2305 159 2376 λῆας
178 2303 305 2380 ἐξιούσης
327 2308 377 2378 τῆς
398 2308 542 2380 στρατιῆς·
565 2306 632 2367 τέως
653 2303 707 2385 γάρ
721 2304 885 2384 ’,ἀμφότεροι

88 2389 209 2450 εἵποντο·
231 2391 446 2468 παραλυομένου
460 2391 489 2450 δέ
501 2391 605 2451 τούτων
621 2397 671 2451 τοῦ
688 2388 790 2470 ἐτέρου,
805 2418 886 2453 κατα-

88 2477 237 2536 λείπεσθαι
251 2480 296 2536 καὶ
309 2483 364 2538 τῶν
376 2479 562 2556 Τυνδαριδέων
574 2480 628 2547 τδν,
641 2480 743 2557 ἕτερον·
759 2481 819 2558 ιπρε)
836 2485 886 2541 τοῦ

87 2562 141 2642 γάρ
157 2562 191 2638 δη
210 2565 256 2622 καὶ
271 2563 347 2624 οὗτοι
366 2565 530 2642 α’ριφόπεροι,
545 2567 693 2643 ἐπίκλητοί
710 2575 766 2644 σφι
785 2569 882 2640 ἐόντες,

87 2649 221 2731 εἵποντο)
241 2651 305 2711 τότε
319 2652 352 2728 δὴ
367 2657 396 2712 ἐν
408 2656 445 2732 τῇ
457 2652 599 2712 Ἐλευσῖνι
608 2654 737 2731 όρέωντες
747 2659 774 2715 οἱ
787 2659 885 2717 λοιποὶ

85 2741 141 2797 τῶν
154 2737 312 2819 συμμάχων
324 2739 389 2802 τούς
400 2764 432 2798 τε
440 2741 587 2817 βασιλῆας
596 2747 650 2801 τῶν
660 2745 884 2823 Λακεδαιμονίων

87 2823 136 2882 οὐκ
163 2825 370 2907 ὁμολογέοντας
397 2828 443 2886 καὶ
464 2830 628 2905 Κορινθίους
650 2832 813 2895 ἐκλιπόντας
833 2832 885 2909 τὴν

86 2911 172 2982 τάξιν,
188 2915 299 2991 οἴχοντο
313 2915 360 2974 καὶ
377 2913 456 2975 αὐτοὶ
476 2914 741 2995 ἀπαλλασσόμενοι.
782 2921 882 2998 Τέταρ-
892 2923 930 2982 76

85 3023 135 3059 τον
151 2999 184 3075 δη
202 3006 287 3062 τοῦτο
302 3003 349 3063 ἐπὶ
366 3002 418 3080 τὴν
431 3001 561 3078 Ἀττικὴν
579 3003 742 3081 ἀπικόμενοι
758 3009 888 3082 Δωριέες,

86 3092 127 3156 δίς
138 3119 170 3154 τε
182 3095 228 3172 ἐπὶ
241 3098 356 3178 πολέμῳ
370 3096 609 3175 ἐσβαλόντεςκάι
620 3098 667 3162 δις
679 3098 718 3158 ἐτέ
739 3099 845 3175 ἐιηαδῖυ
855 3097 911 3149 ςςῖ)

82 3180 205 3254 πλήθεος
224 3189 277 3245 τοῦ
295 3184 466 3266 Ἀθηναίων·
493 3192 612 3268 πρῶτον
631 3189 706 3264 μὶν,
723 3183 779 3242 ἶιτε
804 3173 937 3233 mzwe-

69 3291 143 3343 ἴαμα
158 3273 343 3338 κατοίκισαν·
359 3276 462 3356 (οὗτος
479 3278 497 3341 ό
515 3267 849 3340 στόλος,ἒπ“ιλ(ἷ·δ“““
867 3258 965 3302 pm..
