2024 3450
73 111 198 176 99—103]
371 111 572 160 τανυιΧοΡΗ.
841 114 872 160 ιο

74 197 146 256 ἄστυ
160 201 225 256 πᾶν·
243 194 390 272 καιομένου
403 193 432 252 δὲ
445 195 496 255 τοῦ
507 188 616 263 ἄστεος,
634 195 662 252 οἱ
677 191 767 252 Λυδοί
780 218 811 252 τε
827 193 874 253 καὶ

73 283 138 344 ὅσοι
160 284 294 361 Περσέων
319 285 423 359 ε’νήσαν
444 287 473 341 ε’ν
493 286 529 359 τῇ
550 281 619 340 πόλι
638 279 873 358 ἀπολαμφθέντες

73 370 219 442 πάντοθεν,
234 371 307 430 ὥστε
320 370 355 430 τό
368 370 541 448 περιέσχατα
554 369 705 444 νεμομένου
717 372 767 428 τοῦ
777 368 871 445 πυρῦς,

74 460 121 518 καὶ
141 459 192 518 οῦκ
212 460 321 538 ἔχοντες
340 457 472 532 ἐξήλυσιν
489 461 519 515 έκ
536 459 585 515 τοῦ
602 455 709 524 ἄστεος,
726 457 873 533 συνέρρεον

75 548 101 610 ἔς
121 573 151 607 τε
166 548 218 624 τήν
238 546 344 627 οἷγορήν
362 546 408 603 καὶ
429 544 474 603 ἐπὶ
492 543 542 604 τόν
563 541 719 602 Πακτωλόν
736 544 871 618 ποταμόν·

74 633 106 698 ὅς
119 643 175 710 σφι
192 639 294 715 ψῆγμα
310 636 419 711 χρυσοῦ
435 631 615 708 καταφορέων
635 635 665 688 ε’κ
685 633 735 688 τοῦ
755 630 872 706 Τμώλου

75 721 120 781 διὰ
132 724 222 800 μέσης
234 726 284 797 τῆς
297 719 401 800 οἷγορής
413 720 478 797 ῥέει,
492 720 537 778 καὶ
556 719 650 778 ἔπειτα
663 722 690 781 ές
702 717 751 777 τὸν
767 716 874 794 Ἕρμον

75 809 203 886 ποταμόν
232 808 341 876 ἐκδιδοῖ,
365 807 381 866 ὁ
406 807 436 866 δὲ
459 811 485 870 ἒς
509 807 669 867 θάλασσαν·
704 806 750 864 ε’πὶ
776 810 874 866 τοῦτον
911 802 923 817 ”

77 895 112 971 δή
125 897 174 956 τόν
188 894 345 955 Πακτωλῦν
358 895 403 953 καὶ
417 900 444 958 ἒς
456 895 507 971 τήν
520 893 625 976 α’γορήν
643 892 837 970 α’θροιζόμενοί
847 897 874 953 οἶ

75 1010 107 1042 τε
120 984 207 1043 Λυδοὶ
220 985 266 1042 καὶ
284 987 310 1042 οἱ
329 983 448 1059 Πέρσαι,
461 981 648 1064 ἠναγκάζοντο
662 981 825 1058 ἀμύνεσθαι·
847 986 874 1042 οἱ

93 1071 213 1142 ὲἼωνες,
227 1071 351 1148 ὁρέοντες
369 1071 433 1134 τοῦς
448 1073 500 1147 μὲν
515 1069 701 1147 α’μυνομένους
718 1074 773 1130 τῶν
790 1075 873 1130 πολε-

75 1160 145 1235 μίων
164 1160 228 1223 τοῦς
249 1160 278 1218 δὲ
298 1159 352 1218 σῦν
372 1158 475 1233 πλήθεϊ
498 1162 598 1237 πολλῷ
619 1160 873 1235 προσφερομένους,

76 1247 288 1327 ἐξανεχώρησαν
305 1247 444 1308 δείσαντες
462 1245 533 1322 πρός
545 1245 577 1305 τῦ
592 1245 679 1322 οὖρος,
693 1246 742 1306 τόν
756 1250 874 1321 Τμῶλον

78 1335 255 1411 καλεόμενον·
280 1336 405 1395 ε’νθεῦτεν
426 1334 455 1392 δὲ
474 1332 529 1393 ῦπῦ
550 1333 634 1392 νύκτα
646 1332 874 1392 ἅπαλλόσσοπο

78 1422 122 1480 ε’πὶ
135 1423 184 1485 τός
197 1424 268 1486 νέας.

120 1510 177 1567 Καὶ
195 1508 295 1583 Σάρδις
307 1512 359 1584 μὲν
372 1507 594 1584 ἐνεπρήσθησαν,
608 1512 637 1566 ἐν
650 1507 680 1565 δὲ
694 1506 796 1584 αὐτῇσι
809 1508 854 1566 καὶ
865 1509 921 1567 102

80 1595 139 1671 ἶρόν
160 1597 306 1673 ἐπιχωρίης
326 1596 392 1654 θεοῦ
413 1594 564 1669 Κυβήβης·
588 1593 620 1651 τό
640 1593 829 1670 σκηπτόμενοι
849 1599 875 1655 οἶ

80 1683 198 1757 Πέρσαι,
223 1681 341 1757 ὕστερον
363 1680 622 1756 ἀντενεπίμπρασαν
645 1680 680 1740 τοῖ
704 1686 732 1739 ἐν
748 1680 876 1758 Ἕλλησι

80 1769 134 1846 ἱροί·
155 1770 219 1828 τότε
237 1769 267 1827 δὲ
291 1771 317 1826 οἶ
339 1770 450 1844 Πέρσαι
474 1771 500 1826 οἱ
524 1767 600 1830 ε’ντῦς
615 1768 720 1832 Ἀλυος
746 1775 875 1848 ποταμοῦ

80 1856 180 1932 νομοῦς
189 1859 306 1935 ἔχοντες,
319 1855 575 1933 προπυνθανόμενοι
586 1860 681 1927 ταῦτα,
693 1859 875 1934 συνηλίζοντο

80 1945 125 2003 καὶ
139 1945 274 2022 ἐβοήθεον
286 1948 362 2004 τοῖσι
375 1943 502 2003 Λυδοῖσι.
533 1946 581 2002 καί
589 1971 640 2008 κως
653 1951 681 2005 ἐν
694 1950 746 2022 μὲν
757 1947 875 2023 Σάρδισι

79 2031 169 2092 οῦκέτι
190 2033 283 2097 ε’όντας
302 2033 366 2095 τοῦς
380 2031 477 2101 Ἴωνας
499 2032 667 2108 εῦρίσκουσι,
696 2034 824 2109 ἑπόμενοι
845 2035 874 2092 δὲ

79 2122 149 2182 κατα
166 2125 276 2199 στίβον,
291 2123 417 2198 αἱρέουσι
435 2119 533 2182 αῦτοῦς
552 2126 580 2178 ἐν
593 2119 716 2199 Ἐφέσῳ·
738 2122 783 2178 καὶ
799 2120 874 2180 ἅντε-

77 2201 224 2281 τόχθησαν
243 2206 294 2279 μὲν
316 2207 342 2261 οἱ
359 2202 458 2271 Ἴωνες,
484 2200 682 2278 συμβαλόντες
709 2201 738 2260 δὲ
764 2201 874 2261 πολλόν
920 2201 922 2205 ’

79 2291 257 2366 ἑσσώθησαν·
272 2285 317 2349 καὶ
328 2289 453 2352 πολλοῦς
467 2289 555 2348 αὐτῶν
566 2292 592 2348 οἶ
601 2290 712 2367 Πέρσαι
723 2289 874 2364 φονεύουσι

78 2378 182 2442 ἄλλους
198 2406 228 2438 τε
242 2377 414 2455 ὄνομαστοῦς
429 2383 457 2436 ἓν
470 2378 499 2436 δὲ
513 2376 546 2452 δή
562 2378 606 2435 καὶ
619 2376 776 2436 Εῦαλκίδεα
789 2404 874 2454 στρα-

78 2467 212 2546 τηγέοντα
223 2467 391 2543 Ἐρετριέων,
403 2464 635 2541 στεφανηφόρους
649 2490 678 2523 τε
691 2464 798 2545 α’γιῦνας
811 2465 874 2525 οἰνα-

77 2553 228 2629 ραιρηκότα
242 2556 288 2612 καὶ
297 2554 351 2612 ivd
367 2553 520 2628 Σιμωνίδεω
533 2556 583 2610 τοῦ
594 2553 683 2627 Κηίου
696 2551 793 2611 πολλὰ
806 2556 875 2618 αἰνε-

79 2640 171 2699 θέντα.
209 2641 239 2709 ,οἳ
252 2641 281 2699 δὲ
295 2640 383 2700 αὐτῶν
401 2640 547 2719 ἀπέφυγον
560 2637 612 2714 τήν
624 2639 727 2718 μάχην,
742 2640 875 2700 ἐσκεδάσ-

79 2728 170 2804 θησαν
182 2726 236 2788 ιίνοὶ
248 2728 298 2791 τοὶς
310 2727 420 2790 πόλιας.

110 2815 180 2875 Τότε
189 2819 241 2894 μὲν
250 2817 284 2893 δή
298 2815 368 2875 οὕτω
380 2815 563 2895 ήγωνίσοντο·
579 2815 651 2890 μετὰ
660 2816 697 2886 δὲ,
710 2815 854 2892 Ἀθηναῖοι
865 2817 921 2875 103

77 2905 129 2978 μὲν
135 2903 168 2964 τό
176 2904 308 2982 παράπαν
316 2902 502 2965 ἀπολιπόντες
509 2900 573 2964 τοῦς
580 2900 685 2972 Ἴωνας,
697 2905 874 2979 ἐπικαλεομέ-

77 3015 126 3049 νου
149 2991 241 3067 σφέας
261 2991 359 3050 πολλὰ
380 2989 414 3050 δι’
436 2988 562 3070 ἀγγέλων
583 2988 797 3069 Ἀρισταγόρεω,
825 2988 874 3046 οῦκ

78 3078 190 3152 ἔφασαν
201 3077 369 3157 τιμωρήσειν
383 3078 483 3156 σφίσι.
516 3075 660 3140 Ἴωνεςδὶ
670 3075 736 3150 τῆξ
748 3071 897 3142 Τελληνίων

71 3169 236 3246 συμμαχίης
256 3168 457 3246 στερηθέντες,
471 3166 562 3250 (οὓτω
582 3165 642 3247 γόρ
664 3169 728 3236 σφι
742 3158 865 3254 λπῗὶὲιϋ
875 3169 933 3240 Τῖ

63 3253 204 3326 ποιημένα
231 3263 263 3323 ἐς
291 3259 450 3340 Δαρεῖονῆ
476 3257 564 3319 οῦδὶν
589 3253 629 3330 δὴ
653 3249 763 3325 ἧσσον
787 3256 845 3295 “⁰‘’
875 3244 962 3293 ως
