2024 3450
146 120 177 167 90
458 112 641 161 Ἣνοιουοτ
885 109 946 173 [VI.

145 193 342 271 ἀναλαβόντας
363 191 400 255 τά
424 191 500 253 ὅπλα
521 192 634 270 χωρέειν
658 195 686 254 ἐς
708 187 773 253 τοῦς
792 187 944 269 Ἀργείους.

146 286 234 343 ταῦτα
255 282 300 341 καὶ
321 282 426 362 ἐγίνετο
442 280 571 339 ἐπιτελέα
589 284 619 338 ἐκ
635 282 689 338 τῶν
712 277 945 353 Λακεδαιμονίων.

147 368 263 447 ἄριστον
283 368 338 450 γάρ
359 368 549 443 ποιευμένοισι
570 370 647 425 τοῖσι
667 366 822 445 Ἀργείοισι
845 369 875 423 ἐκ
896 373 945 425 τοῦ

147 456 321 537 κηρύγματος
341 455 481 514 ἐπεκέατο·
506 454 551 512 καὶ
572 453 697 515 πολλούς
715 456 768 528 μὲν
789 452 945 526 ἐφόνευσαν

147 545 243 614 αύτιῦν,
257 548 357 622 πολλῷ
370 541 393 601 δ’
407 544 447 602 ἐτι
457 546 578 604 πλεῦνας
592 546 618 603 ἐς
631 540 664 599 τὸ
675 539 766 602 ἄλσος
778 544 828 599 τοῦ
837 540 944 621 Ἀργου

98 631 134 691 79
146 630 357 712 καταφυγόντας
376 629 561 707 περιὶζάμενοι
583 627 759 703 ἐφύλασσον.
800 626 946 688 Ἐνθεῦτεν

145 718 174 776 δὲ
188 717 203 778 ό
215 719 378 796 Κλεομένης
391 719 480 778 ε’ποίεε
493 716 609 776 τοιάνδε·
631 717 700 794 ’έχων
713 713 886 791 αὐτομόλους
899 715 944 775 ἅν-

147 805 213 882 θρας
240 808 286 864 καὶ
307 804 512 880 πυνθανόμενος
538 803 649 872 τούτων,
679 802 805 873 ἐξεκάλεε
828 804 945 879 πέμπων

77 890 87 905 ⁸
146 893 252 971 κήρυκα
277 893 414 970 ὀνομαστὶ
434 894 525 972 λέγων
547 896 602 951 τιῦν
622 890 755 971 Ἀργείων
777 890 842 954 τούς
860 896 889 950 ε’ν
907 898 944 970 τῷ

146 983 193 1059 ἱρῷ
208 980 406 1060 ἀπεργμένους·
435 979 561 1048 ἐξεκάλεε
577 981 614 1049 δέ,
632 979 689 1054 φάς
709 979 798 1039 αύτῶν
817 981 889 1057 ἔχειν
909 982 943 1039 τά

145 1065 255 1126 ἄποινα·
277 1066 378 1126 ἄποινα
394 1067 425 1126 δέ
440 1073 500 1127 ἐστι
518 1068 776 1142 Πελοποννησίοισι
795 1067 843 1125 δύο
863 1071 943 1143 μνέαι

145 1155 310 1233 τεταγμέναι
335 1154 393 1214 κατ’
415 1153 501 1232 ἄνδρα
523 1155 701 1234 αἰχμάλωτον
723 1156 845 1215 ἐκτίνειν·
874 1147 943 1216 κατά

144 1241 315 1318 πεντήκοντα
336 1241 370 1317 δή
392 1242 429 1303 ὧν
448 1247 502 1302 τῶν
524 1241 664 1324 Ἀργείων,
686 1242 728 1306 οἷς
748 1242 880 1305 ἑκάστους
902 1251 942 1302 ἐκ·

145 1327 320 1406 καλεύμενος,
349 1330 365 1390 ὁ
392 1331 555 1406 Κλεομένης
582 1331 691 1390 ἔκτεινε·
721 1334 808 1390 ταῦτα
835 1330 866 1389 δέ
892 1359 943 1394 κως

142 1416 275 1498 γινόμενα
292 1417 424 1493 ἐλελήθεε
439 1418 504 1481 τούς
520 1419 637 1481 λοιπούς
653 1418 717 1481 τούς
732 1422 762 1477 ἐν
777 1422 814 1495 τῷ
827 1420 941 1494 τεμένεϊ·

143 1502 192 1564 ἅτε
211 1504 266 1586 γάρ
287 1509 393 1565 πυκνοῦ
414 1504 507 1570 ἐόντος
528 1509 578 1566 τοῦ
600 1505 712 1574 άλσεος,
737 1504 786 1563 οῦκ
814 1504 889 1579 ὥρων
916 1512 942 1566 οἱ

145 1592 222 1656 ἐντὸς
231 1592 295 1656 τούς
306 1593 384 1657 ἐκτός
398 1594 414 1654 ὅ
426 1621 454 1654 τι
468 1597 620 1672 ἔπρησσον,
631 1594 696 1670 πρίν
708 1617 742 1672 γε
752 1592 786 1667 δή
801 1594 889 1651 αὐτῶν
901 1620 942 1656 τις

145 1679 254 1757 άναβοὶς
268 1682 314 1740 ἐπὶ
327 1682 437 1759 δένδρος
451 1683 558 1741 κατεῖδε
570 1682 602 1741 τό
616 1680 788 1757 ποιεύμενον·
810 1679 897 1739 οὔκων
908 1680 942 1756 δή

97 1769 183 1833 Κυέτι
201 1769 365 1844 καλεόμενοι
383 1769 509 1848 ἐξήεσαν.
550 1769 688 1828 Ἐνθαῦτα
702 1767 736 1842 δή
750 1766 766 1826 ὁ
781 1768 942 1842 Κλεομένης

146 1856 255 1914 ἐκέλευε
275 1856 366 1914 πάντα
386 1856 448 1915 τινά
467 1861 523 1915 τῶν
539 1855 671 1913 εἱλωτέων
687 1855 820 1929 περινέειν
835 1853 889 1931 ὕλη
908 1855 941 1913 τό

141 1941 241 2005 ἄλσος·
262 1946 317 2001 τῶν
331 1943 361 2000 δέ
375 1943 551 2017 πειθομένων,
567 1940 701 2015 ἐνέπρησε
711 1939 743 1998 τό
754 1939 853 2003 ἅλσος·
868 1968 941 2000 καιο·

141 2031 226 2107 μένου
239 2030 269 2088 δέ
281 2029 342 2107 ἤδη,
358 2030 480 2105 ἐπείρετο
493 2031 548 2086 τῶν
560 2052 621 2085 τινα
632 2025 802 2101 αὐτομόλων,
813 2028 887 2091 τίνος
900 2032 941 2107 εἱη

142 2118 212 2178 θεῶν
231 2117 264 2178 τό
285 2117 392 2185 άλσος;
418 2115 434 2174 ὅ
457 2116 487 2174 δέ
510 2115 564 2190 ἐφη
583 2113 690 2195 Ἀργου
711 2113 789 2172 εἶναι·
814 2112 830 2173 ὁ
854 2115 883 2173 δέ
908 2118 942 2181 οἱς

141 2205 253 2280 ἤκουσε,
267 2202 455 2271 ἀναστενάξας
470 2203 544 2282 μέγα
564 2203 633 2263 εἶπε·
655 2200 702 2260 “ὦ
713 2200 861 2263 Ἀπολλον
874 2231 941 2283 χρη-

142 2292 248 2368 στήριε,
273 2290 290 2366 ἦ
315 2290 445 2372 μεγάλως
467 2315 503 2367 με
527 2289 670 2366 η’πάτηκας
694 2290 818 2367 φάμενος
836 2290 941 2372 Ἀργος

142 2378 278 2455 αἱρήσειν·
303 2376 512 2454 συμβάλλομαι
533 2376 555 2436 δ’
578 2378 682 2454 ἐξήκειν
701 2404 752 2454 μοι
771 2378 803 2437 τῦ
817 2381 940 2457 χρηστή-

94 2469 130 2525 81
142 2463 228 2542 ριον.”
270 2463 351 2524 Μετοὶ
372 2465 401 2524 δὲ
421 2469 516 2535 ταῦτα,
528 2465 547 2524 ,ὁ
562 2467 724 2543 Κλεομένης
736 2465 787 2541 τὴν
799 2469 850 2542 μὲν
864 2468 941 2525 πλέω

143 2550 278 2630 στρατιήν
305 2551 394 2628 ἀπῆκε
419 2552 528 2613 άπιέναι
556 2559 583 2617 ἐς
607 2552 748 2630 Σπάρτην·
775 2554 884 2631 χιλίους
912 2554 941 2614 δέ

142 2639 225 2703 αύτὸς
246 2639 345 2715 λαβών
364 2640 429 2704 τούς
447 2640 578 2717 άριστέας
597 2639 640 2716 ήῖε
659 2645 685 2703 ἐς
702 2640 736 2699 τύ
756 2639 873 2717 Ἡραῖον
894 2641 941 2700 θύ-

141 2753 208 2786 σων·
235 2725 413 2803 βουλόμενον
436 2729 465 2787 δέ
489 2728 573 2788 αὐτὸν
598 2727 671 2787 θύειν
694 2728 740 2786 ἐπὶ
766 2733 816 2787 τοῦ
840 2729 940 2805 βωμοῦ

143 2815 158 2875 ὁ
174 2814 245 2892 ἱρεύς
260 2813 424 2895 ἀπηγόρευε,
439 2815 496 2891 φάς
510 2815 559 2874 οῦκ
573 2815 653 2874 ὅσιον
670 2814 738 2874 εἶναι
752 2816 830 2894 ξείνῳ
843 2815 941 2876 αὐτόθι

141 2902 224 2963 θύειν·
246 2901 263 2963 o‘
283 2902 313 2961 δέ
327 2904 490 2978 Κλεομένης
506 2901 556 2962 τόν
575 2902 635 2979 ἱρέα
653 2903 763 2962 ἐκέλευε
783 2903 847 2966 τοῦς
863 2904 939 2961 εἵλω-

129 3015 182 3051 τας
204 2989 267 3049 α’πο“
289 2993 341 3051 τοῦ
362 2991 465 3068 βωμοῦ
489 2989 648 3072 άπάγοντας
676 2993 865 3071 μαστιγῶσαι·
894 2993 940 3048 καὶ

113 3073 206 3138 av'ro's
226 3079 324 3150 ἔθυσε,
341 3079 472 3157 ποιήσας
494 3079 527 3139 δὲ
545 3083 637 3140 ταῦτα
654 3077 739 3155 ἆπήίε
752 3078 779 3140 ἐς
790 3077 840 3151 τὴν
850 3077 944 3149 Σπόρ-

41 3149 166 3229 827771‘·
211 3169 433 3248 Νοστήσαντα
457 3171 490 3232 δέ
515 3198 565 3250 μιν
591 3168 707 3249 ῦπῆγον
734 3169 763 3224 οἱ
786 3162 884 3240 ἐχθροὶ
906 3160 963 3215 {mh

81 3241 160 3304 ὀὓς
175 3252 324 3331 ε’φθίῑ)ους,
335 3262 491 3341 φάμενοί
503 3288 557 3339 μιν
576 3253 829 3337 δωροδοκῆσαντα
847 3243 900 3300 οὒκ
920 3242 982 3296 Μ
