2024 3450
122 109 168 154 ιιι
424 107 607 154 ἰινοιοτοι
718 91 721 95 ’
827 108 930 173 [vm.

123 189 169 246 καὶ
184 184 330 245 Μακεδνὸν
349 186 433 253 ἔθνος,
453 186 483 254 ἐξ
499 184 622 261 Ἐρινεοῦ
639 209 670 244 τε
689 185 735 244 καὶ
753 185 865 247 Πίνδου
881 194 932 252 καὶ

120 278 171 349 τῆς
187 273 342 350 Δρυοπίδος
359 272 467 331 ὕστατα
485 273 658 349 ὁρμηθέντες·
680 276 707 332 οἰ
720 273 750 332 δέ
762 273 933 352 Ἑρμιονέες

122 362 177 420 εἰσὶ
190 359 324 437 Δρύοπες,
338 359 392 418 find
406 359 560 437 Ἡρακλέος
573 387 603 419 τε
617 359 662 419 καὶ
680 362 817 436 Μηλιέων
830 369 862 423 ἐκ
877 373 932 443 τῆς

122 454 170 509 νῦν
183 449 306 525 Δωρίδος
319 450 488 526 καλεομένης
501 447 592 527 χώρης
606 446 812 517 ἐξαναστάντες.
847 451 931 516 οὗτοι

77 539 114 597 44
121 538 173 614 μέν
193 564 241 596 νυν
265 539 502 611 Πελοποννησίων
526 535 734 612 ἐστρατεύοντο.
777 542 816 598 Οἱ
840 541 872 599 δὲ
899 549 940 602 ἐκ

123 631 172 701 τῆς
187 627 236 696 ἔξω
260 625 386 703 ἠπείρου·
406 625 550 700 Ἀθηναῖοι
573 627 632 700 μὲν,
650 623 720 700 πρός
737 625 845 691 πάντας
861 632 932 696 τούς
960 665 969 678 ·

124 713 228 778 ἅλλους
255 715 441 793 παρεχόμενοι
463 716 531 788 νῆας
557 711 714 793 ὀγδώκοντα
741 715 787 772 καὶ
815 719 928 795 έκατὸν,

123 808 230 879 μοῦνοι·
252 808 281 862 ἐν
295 804 434 878 Σαλαμῖνι
450 800 506 882 γάρ
525 799 557 860 οὗ
576 800 830 881 συνεναυμάχησαν
844 810 931 865 Πλα-

123 891 211 952 ταιέες
227 891 409 964 Ἀθηναίοισι,
430 889 474 947 διά
492 888 598 948 τοιάνδε
617 892 743 968 πρῆγμα·
771 887 931 954 άπαλλασ-

125 978 250 1051 σομένων
276 981 331 1034 τῶν
356 975 501 1050 Ἑλλήνων
522 974 577 1034 ἅπό
601 979 651 1034 τοῦ
674 975 864 1052 Ἀρτεμισίου,
893 981 931 1046 ὥς

126 1065 247 1143 ἐγίνοντο
265 1062 334 1120 κατὰ
352 1063 488 1130 Χαλκίδα,
509 1066 535 1120 οἰ
552 1064 708 1126 Πλαταιέες
723 1063 887 1141 ἀποβάντες
902 1074 931 1132 ἐς

124 1150 176 1225 τήν
197 1151 313 1227 περαίην
336 1154 386 1225 τῆς
413 1152 545 1225 Βοιωτίης
567 1150 659 1229 χώρης
682 1150 752 1226 πρὸς
777 1155 931 1232 ἐκκομιδὴν

127 1238 278 1316 ἐτράποντο
303 1241 358 1298 τῶν
385 1239 538 1301 οἰκετέων.,
560 1237 635 1298 οὗτοι
662 1240 713 1314 μέν
739 1265 787 1298 νιιν
809 1241 931 1308 τούτους

125 1327 259 1398 σώζοντες
272 1328 455 1402 ἐλείφθησαν.
481 1326 625 1402 Ἀθηναῖοι
638 1327 674 1399 δέ,
691 1328 735 1385 ἐπὶ
745 1329 797 1402 μὲν
807 1334 929 1391 Πελασ-

125 1420 182 1496 γῶν
209 1414 327 1493 ἐχόντων
351 1415 403 1491 τήν
426 1420 474 1475 νῦν
496 1414 621 1474 Ἑλλάδα
649 1414 827 1491 καλεομένην,
850 1416 930 1492 ἦσαν

126 1505 275 1583 Πελασγοὶ
288 1502 503 1580 οὖνομαζόμενοι
520 1503 654 1579 Κραναοί·
676 1504 721 1560 ἐπὶ
734 1502 763 1559 δέ
777 1504 930 1580 Κέκροπος

125 1592 263 1665 βασιλέος
282 1592 477 1666 ἐσεκλήθησαν
495 1590 675 1667 Κεκροπίδαι·
697 1590 878 1666 ἐκδεξαμένου
897 1596 930 1654 δὲ

124 1675 271 1757 Ἐρεχθέος
293 1680 345 1753 τὴν
365 1679 463 1756 α’ρχήν,
484 1679 628 1754 Ἀθηναῖοι
654 1678 928 1755 μετωνομάσθησαν·

121 1761 216 1827 Ἴωνος
236 1765 266 1823 δέ
285 1769 335 1823 τοῦ
354 1766 462 1826 Ξούθου
481 1766 661 1844 στρατάρχεω
676 1767 825 1847 γενομένου
841 1766 929 1845 Ἀθη-

79 1852 117 1909 45
125 1851 236 1920 ναίοισι,
252 1851 412 1926 ἐκλήθησαν
425 1853 481 1912 οἶπδ
494 1854 593 1913 τούτου
601 1853 703 1916 Ἴωνες.
738 1855 882 1934 Μεγαρέες
896 1859 929 1917 δέ

125 1935 213 1998 τοίυτδ
232 1935 371 2016 πλήρωμα
388 1941 555 2019 παρείχοντο
570 1941 604 2000 τὰ
623 1943 669 2000 καὶ
688 1941 729 2000 ἐπ’
745 1940 928 2024 Ἀρτεμισίῳ·

128 2024 336 2104 Ἀμπρακιῶται
357 2028 386 2087 δέ
410 2029 478 2088 έπτοὶ
504 2030 566 2091 νέας
592 2031 701 2107 ἔχοντες
728 2028 928 2104 ἐπεβιάθησαν·

127 2117 273 2175 Λευκάδιοι
291 2116 320 2174 δέ
333 2119 414 2192 τρεῖς·
436 2117 513 2179 έθνος
529 2117 618 2179 ἐόντες
637 2115 713 2176 οὗτοι
727 2116 852 2193 Δωρικὸν
868 2117 928 2180 άπό

81 2205 117 2261 46
128 2204 277 2279 Κορίνθου.
305 2205 474 2278 Νησιωτέων
487 2204 523 2273 δέ,
535 2208 681 2284 Αἰγινῆται
694 2205 841 2281 τριήκοντα
855 2232 928 2284 παρ-

127 2289 245 2366 είχοντο.
285 2289 360 2364 ἦσαν
378 2291 430 2365 μέν
451 2297 506 2365 σφι
530 2293 576 2348 καὶ
600 2290 687 2351 άλλαι
710 2295 931 2372 πεπληρωμέναι

129 2377 193 2438 νέες·
218 2375 294 2434 ἀλλά
314 2381 382 2454 τῇσι
400 2379 451 2453 μὲν
467 2377 519 2452 τὴν
537 2382 641 2438 ἐωυτῶν
656 2380 832 2455 ἐφύλασσον,
849 2383 929 2458 τριή-

128 2488 211 2522 κοντα
225 2462 255 2521 δέ
267 2467 334 2540 τῇσι
349 2463 450 2540 άριστα
465 2464 634 2544 πλωούσῃσι
648 2472 676 2527 ἐν
691 2470 830 2544 Σαλαμῖνι
849 2472 929 2528 ἐναυ-

126 2549 269 2627 μάχησαν.
294 2555 439 2631 Αἰγινῆται
450 2552 480 2611 δέ
489 2557 544 2612 εἰσι
553 2554 672 2631 Δωριέες
681 2555 737 2615 αἶπδ
746 2554 928 2631 Ἐπιδαύρου·

125 2640 161 2714 τῇ
180 2636 209 2694 δέ
227 2636 303 2715 νήσῳ
319 2637 455 2715 πρότερον
473 2640 577 2719 οὔνομα
594 2641 629 2717 ἦν
648 2643 764 2718 Οἰνώνη.
805 2641 877 2719 μετά
897 2646 929 2705 δέ

126 2722 284 2804 Αἰγινήτας,
313 2727 465 2790 Χαλκιδέες
490 2729 540 2793 τάς
567 2729 608 2789 ἐπ’
635 2729 802 2806 Ἀρτεμισίῳ
835 2730 928 2791 εἴκοσι

126 2809 312 2890 παρεχόμενοι
325 2813 370 2870 καὶ
379 2812 530 2892 Ἐρετριέες
542 2817 592 2880 τάς
605 2817 683 2876 ἐπτά·
705 2813 781 2874 οὗτοι
794 2814 823 2873 δὲ
831 2812 928 2883 Ἴωνές

127 2905 192 2962 εἰσι.
232 2898 304 2977 μετά
317 2900 357 2971 δὲ,
372 2904 453 2960 Κεῖοι
468 2904 517 2965 τάς
536 2903 620 2966 αὐτοῖς
635 2903 828 2981 παρεχόμενοι,
847 2901 927 2970 ἔθνος

127 2990 173 3050 ε’ὁν
187 2986 309 3049 Ἰωνικδν
324 2987 380 3049 α’πδ
396 2987 544 3066 Ἀθηνέων.
585 2989 688 3060 Νάξιοι
708 2990 738 3049 δέ
756 2989 927 3067 παρείχοντο

125 3078 270 3156 τέσσερας,
285 3076 514 3156 ἀποπεμφθέντες
533 3080 585 3156 μὲν
605 3083 632 3142 ἐς
651 3079 716 3142 τοίς
735 3077 850 3154 Μήδους
870 3077 927 3140 fimi

69 3128 89 3256 Ι
109 3169 169 3226 ταῖν
178 3169 343 3248 πολιητέων
353 3168 479 3252 κατάπερ
488 3166 936 3246 ὧλλοινησιιῖνιαι,ιὶλογήσαντες

103 3246 130 3309 ³?
147 3261 207 3318 τοῖν
229 3263 377 3325 ἐντολέων
393 3261 525 3326 οἷπίκατο
544 3267 571 3327 ἐς
590 3255 835 3330 τοίςἝῺνηνῦἳι
858 3255 953 3316 mum·
