2024 3450
119 114 167 161 αα
425 110 607 160 Ἧνολοτοτ
832 110 926 176 [vm.

118 192 208 249 ἐθέλει
222 189 285 249 οὐδὲ
299 189 314 250 ό
328 190 391 254 θεός
403 191 593 270 προσχωρέειν
602 189 673 267 πρός
682 188 733 254 τάς
742 188 926 270 ἀνθρωπηίας

29 351 33 358 Ι
70 275 237 354 61γνάμας.
279 282 372 336 Ταῦτα
395 278 527 359 λέγοντος
548 277 781 353 Θεμιστοκλέους,
806 279 889 344 αὖτις
911 283 927 341 ό

119 364 267 441 Κορίνθιος
281 365 460 442 Ἀδείμαντος
478 365 637 441 ἐπεφέρετο,
651 368 738 445 σιγᾶν
753 392 786 425 τε
805 368 928 430 κελεύων
962 395 968 407 ‘

118 454 156 530 τῷ
174 452 215 528 μή
236 458 297 513 ἐστι
317 455 416 530 πατρὶς
433 453 478 512 καὶ
495 451 674 530 Εὐρυβιάδεα
690 451 741 512 οὐκ
757 458 811 515 ἐῶν
825 460 927 534 ἐπιψη-

119 541 210 615 φίζειν
232 540 319 601 ἀπόλι
338 540 425 618 ἀνδρί·
455 540 540 600 πόλιν
567 540 621 621 γάρ
647 540 698 601 τόν
724 546 927 618 Θεμιστοκλέα

120 628 321 707 παρεχόμενον,
341 627 410 688 οὕτω
429 628 537 688 ἐκέλευε
554 627 666 708 γνιόμας
683 628 924 705 συμβάλλεσθαι·

120 720 208 775 ταῦτα
228 717 259 776 δέ
279 720 305 776 οἱ
325 717 472 793 προέφερε,
493 715 536 775 ότι
552 715 700 791 ἡλώκεσάν
716 741 747 776 τε
763 716 812 776 καὶ
834 719 924 779 κατεί-

118 829 204 882 χοντο
221 807 249 863 αἱ
263 803 389 878 Ἀθῆναι.
429 802 492 862 τότε
510 803 544 878 δή
564 803 580 862 ό
598 804 809 880 Θεμιστοκλέης
833 806 925 867 κεῖνόν

42 928 46 936 -
118 916 149 950 τε
174 891 220 949 καὶ
240 891 303 953 τούς
321 892 486 967 Κορινθίους
503 889 601 950 πολλά
618 915 649 950 τε
672 891 717 950 καὶ
740 891 813 950 κακά
832 894 923 975 ἔλεγε·

118 979 248 1036 ἐωυτοῖσί
261 1003 292 1036 τε
310 978 409 1052 ἐδήλου
427 977 503 1058 λόγῳ
521 977 557 1041 (ός
574 979 615 1055 εἴη
634 980 680 1036 καὶ
699 977 785 1042 πόλις
813 981 861 1040 καὶ
884 1009 923 1063 γη

118 1064 207 1140 μέζων
219 1061 290 1140 ἥπερ
302 1065 425 1133 κείνοισι,
440 1064 498 1124 ἔστ’
508 1063 543 1125 ἂν
553 1064 689 1140 διηκόσιαι
705 1067 768 1142 νὴές
781 1073 840 1142 σφι
855 1069 922 1129 έωσι

119 1153 342 1229 πεπληρωμέναι·
363 1151 500 1229 οὐδαμούς
517 1153 572 1234 γάρ
584 1152 728 1229 Ἑλλήνων
745 1152 848 1220 αὐτούς
864 1161 922 1216 ἐπι-

72 1241 110 1299 62
119 1238 200 1304 ὄντας
212 1239 450 1319 ἀποκρούσεσθαι.
486 1241 631 1318 Σημαίνων
646 1239 675 1299 δὲ
687 1244 783 1314 ταῦτα,
795 1243 923 1326 τῷλόγῳ

118 1327 240 1405 διέβαινε
249 1334 275 1393 ἐς
284 1328 462 1406 Εὐρυβιάδεα
473 1330 563 1410 λέγων
569 1332 684 1406 μᾶλλον
692 1332 921 1408 ἐπεστραμμένα·

119 1426 137 1451 “
145 1416 182 1475 σύ
194 1422 218 1476 εἰ
226 1418 330 1496 μενέεις
338 1415 431 1486 αὐτοῦ,
440 1416 485 1475 καὶ
494 1417 584 1492 μένων
595 1417 671 1475 ἔσεαι
680 1415 749 1493 ἀνήρ
760 1415 922 1497 ἀγαθός·-

119 1508 143 1562 εἰ
161 1505 190 1562 δὲ
207 1504 256 1581 μή,
271 1504 432 1583 ἀνατρέψεις
445 1503 497 1580 τήν
509 1503 645 1563 Ἑλλάδα·
665 1503 698 1564 τό
712 1508 769 1563 πᾶν
781 1504 838 1585 γάρ
853 1507 923 1585 ἡμῖν

117 1595 168 1651 τοῦ
181 1594 308 1671 πολέμου
326 1594 445 1670 φέρουσι
459 1595 488 1651 αἱ
501 1596 572 1668 νῆες.
614 1591 679 1650 ἀλλ’
693 1592 754 1668 ἐμοὶ
768 1593 875 1654 πείθεο·
898 1601 922 1656 εἶ

118 1678 148 1737 δὲ
160 1684 248 1739 ταῦτα
265 1679 306 1756 μή
322 1680 457 1756 ποιήσεις,
471 1679 550 1756 ἡμεῖς
567 1681 626 1758 μὲν,
641 1678 677 1742 ὦς
690 1680 799 1758 ἔχομεν,
813 1679 921 1742 ἀναλα-

118 1765 220 1839 βόντες
239 1766 304 1829 τούς
326 1768 439 1840 οἰκέτας,
463 1766 632 1844 κομιεύμεθα
654 1771 681 1830 ἐς
708 1767 787 1843 Σίριν
813 1767 868 1844 τήν
891 1776 922 1831 ἐν

116 1851 231 1930 Ἰταλίῃ,
244 1853 316 1930 ἥπερ
329 1852 450 1932 ἡμετέρη
463 1855 495 1914 τέ
508 1860 569 1914 ἐστι
582 1860 612 1914 ἐκ
625 1857 747 1913 παλαιοῦ
762 1855 809 1928 ἔτι,
823 1857 872 1916 καὶ
885 1859 921 1918 τά

122 1939 207 2021 λόγια
220 1942 298 2023 λέγει
310 1940 355 2000 ὐπ’
369 1941 462 2019 ἡμέων
480 1941 566 2018 αὐτήν
579 1942 648 2002 δέειν
662 1942 819 2016 κτισθῆναι·
841 1944 922 2022 ὑμεῖς

116 2028 146 2087 δὲ
162 2029 318 2109 συμμάχων
333 2029 445 2090 τοιῶνδε
462 2029 647 2107 μουνωθέντες
664 2027 848 2106 μεμνήσεσθε
865 2036 921 2093 τῶν

69 2117 108 2175 63
119 2121 192 2193 ἐμόν
217 2115 335 2198 λόγων.”
376 2121 469 2176 Ταῦτα
491 2116 520 2176 δὲ
543 2116 750 2193 Θεμιστοκλέος
776 2117 921 2197 λέγοντος,

116 2203 309 2263 ἀνεδιδάσκετο
323 2202 509 2279 Εὐρυβιάδης·
526 2203 629 2285 δακέειν
643 2204 673 2263 δέ
684 2230 742 2280 μοι,
753 2205 923 2282 ἀρρωδήσας

114 2289 242 2364 μάλιστα
262 2289 327 2352 τούς
353 2288 516 2363 Ἀθηναίους
536 2289 739 2362 ἀνεδιδάσκετο,
761 2290 803 2369 μή
825 2301 922 2368 σφεας

116 2374 286 2450 ἀπολίπωσι,
308 2374 343 2452 ἦν
362 2374 432 2452 πρός
449 2374 499 2435 τόν
515 2375 632 2453 Ἰσθμόν
652 2377 742 2461 ἀνάγη
766 2378 818 2443 τάς
840 2388 922 2459 νῆας·

115 2462 309 2523 ἀπολιπόντων
327 2462 383 2543 γάρ
403 2461 564 2539 Ἀθηναίων,
586 2465 676 2526 οὐκέτι
698 2468 821 2549 ἐγίνοντο
843 2469 923 2542 ἀξιό-

116 2576 204 2629 μαχοι
225 2553 251 2609 οἱ
271 2552 376 2611 λοιποί·
400 2550 504 2628 ταύτην
524 2552 553 2612 δὲ
575 2554 695 2631 αἱρέεται
717 2553 770 2632 τήν
791 2557 920 2636 γνώμην,

58 2693 63 2703 ,
115 2636 199 2697 αὐτοῦ
212 2639 346 2714 μένοντας
359 2639 577 2721 διαναυμαχέειν.
701 2670 704 2675 ’

67 2726 105 2787 64
149 2724 229 2785 Οὐτω
254 2728 306 2803 μέν
333 2730 360 2787 οἱ
386 2729 449 2805 περὶ
480 2731 627 2807 Σαλαμῖνα
654 2731 734 2791 ἔπεσι
763 2729 922 2805 ἀκροβολι.

101 2809 241 2892 ’σάμενοι
257 2816 319 2874 ἐπεί
328 2842 360 2875 τε
369 2814 535 2895 Ἐὐρυβιάδῃ
549 2819 633 2890 ἔδοξε,
647 2818 732 2879 αὐτοῦ
743 2825 924 2891 παρεσκευά-
940 2836 943 2841 “

115 2904 195 2975 ζοντα
210 2902 244 2965 ὥς
257 2903 493 2983 ναυμαχήσοντες·
514 2905 604 2984 ἡμέρη
621 2932 653 2966 τε
670 2906 781 2988 ἐγίνετο,
796 2903 843 2961 καὶ
856 2906 923 2984 ἅμα

113 2997 151 3071 τῷ
168 2992 239 3071 ἡλίῳ
255 2989 360 3052 ἀνιόντι
378 2991 496 3069 σεισμός
515 2995 623 3074 ἐγένετο
637 2995 708 3054 έντε
719 2995 755 3070 τῇ
768 2995 805 3072 γῇ
819 2994 866 3052 καὶ
880 3005 923 3077 τῇ

114 3078 261 3159 θαλάσση·
289 3079 365 3151 ἔδοξε
381 3079 412 3140 δέ
428 3086 485 3157 σφι
503 3079 638 3150 εὔξασθαι
652 3081 728 3140 τοῖσι
749 3079 848 3150 θεοῖσι,
869 3087 922 3144 καὶ
967 3148 968 3153 ,

100 3169 337 3235 ἐπικαλέσασθαι
352 3168 419 3237 τούς
434 3168 571 3232 Αἰακιδας
580 3167 757 3244 συμμάχους·
773 3165 811 3226 ὣς
821 3166 857 3221 δὲ
869 3176 931 3235 σφι

86 3253 180 3328 ἔδοξε,
201 3261 250 3321 καὶ
273 3265 394 3326 ἐποίευν
406 3265 513 3326 ταῦτα·
538 3254 691 3331 εὗξᾶΡΜῑ
701 3249 760 3329 Ἱόλ)
772 3253 850 3308 πᾶσι
864 3249 950 3302 &m
