2024 3450
68 113 207 176 198-202]
388 112 574 161 IIOA'fflNIA.
816 109 864 156 203

65 189 202 268 Ἡρακλέϊ
219 193 354 270 καιομέύῳ
372 192 458 272 λόγος
473 192 536 251 ε’στὶ
553 189 739 266 ἀναφανῆναι·
759 188 816 250 ἅπδ
836 190 866 249 δὲ

66 278 173 348 τούτου,
195 279 228 338 δι’
249 278 344 340 ἄλλων
368 280 458 338 εἴκοσι
485 278 612 348 σταδίων,
633 276 723 342 ἄλλος
741 278 868 357 ποταμός

67 371 136 436 ε’στι,
147 367 178 430 ῦς
192 368 321 426 καλέεται
336 367 442 430 Μέλας.
475 367 578 444 Τρηχὶς
592 366 621 424 δὲ
633 365 717 428 πόλις
729 365 785 426 ἀπό
795 369 845 426 τοῦ
856 367 912 426 199

66 455 198 518 Μέλανος
205 454 306 514 τούτου
316 460 444 532 ποταμοῦ
455 457 537 513 πέντε
548 453 650 512 στάδια
659 452 766 531 ἀπέχει·
780 455 867 532 ταύτῃ
956 445 957 448 ¹

67 542 96 600 δὲ
107 544 153 601 καὶ
164 541 312 619 εύρῦτατόν
322 548 384 602 ε’στι
394 541 489 619 πόσης
501 545 551 617 τῆς
561 540 653 620 χιόρης
661 540 763 616 ταύτης
773 546 803 599 ε’κ
812 545 867 601 τῶν

67 629 168 706 οῦρέων
196 635 223 693 ές
249 630 409 700 θάλασσαν,
437 629 495 690 κατ’
516 629 534 689 ἃ
558 629 662 706 Τρηχὶς
686 627 867 687 πεπόλισται·

68 716 195 796 δισχιλιοί
220 743 251 778 τε
270 716 326 798 γοῖρ
348 718 393 776 καὶ
414 716 547 794 δισμύρια
569 715 680 793 πλέθρα
702 717 752 775 τοῦ
773 715 869 775 πεδίου

69 805 139 862 ε’στί·
173 808 224 864 τοῦ
250 804 280 863 δὲ
306 803 400 882 οὔρεος
425 804 459 865 τό
483 802 638 882 περικληίει
662 802 714 878 τὴν
740 807 795 883 γῆν
816 801 868 878 τὴν

68 891 226 969 Τρηχινίην,
236 893 297 951 ἔστι
307 892 435 969 διασφὰξ
446 891 517 968 πρός
526 891 710 969 μεσαμβρίην
723 895 868 970 Τρηχῖνος·

69 977 114 1036 διαὶ
135 979 165 1038 δὲ
184 983 233 1056 τῆς
254 980 414 1062 διασφάγος
425 979 555 1044 Ἀσωπός
575 979 702 1056 ποταμός
716 979 771 1056 ῥέει
791 977 869 1056 παρὰ

68 1065 120 1140 τόν
140 1067 266 1146 ῦπωρέην
285 1073 335 1129 τοῦ
356 1068 461 1147 οῦρεος.
497 1067 583 1129 Ἔστι
602 1068 632 1129 δὲ
647 1067 737 1132 ἄλλος
753 1050 916 1138 Φοίνιξ200

68 1156 194 1232 ποταμός
211 1156 244 1217 ού
258 1159 355 1239 μέγας,
372 1158 441 1236 πρός
460 1159 643 1235 μεσαμβρίην
660 1161 710 1218 τοῦ
725 1156 868 1216 Ἀσωποῦ·

69 1242 99 1306 ὃς
126 1249 155 1303 ε’κ
181 1249 236 1306 τοῖν
257 1244 357 1322 ούρέων
382 1245 487 1306 τούτων
511 1247 588 1322 ῥέων,
615 1251 642 1308 ε’ς
669 1243 719 1305 τόν
737 1242 869 1303 Ἀσωπόν

70 1330 177 1392 ἐκδιδοῖ
220 1333 291 1394 κατὰ
304 1334 334 1393 δὲ
351 1332 401 1393 τόν
419 1334 533 1392 Φοίνικα
549 1331 677 1410 ποταμόν
690 1330 869 1391 στεινότατόν

71 1422 141 1478 ε’στι·
163 1419 296 1497 ἁμαξιτὸς
308 1419 363 1501 γαρ
376 1422 428 1496 μία
440 1420 529 1496 μούνη
543 1420 684 1497 δέδμηται·
705 1417 761 1478 α’πό
775 1418 804 1477 δὲ
818 1422 868 1478 τοῦ

71 1507 197 1570 Φοίνικος
211 1512 340 1583 ποταμοῦ
355 1507 550 1566 πεντεκαίδεκα
565 1505 668 1566 στάδιά
683 1510 745 1566 ε’στι
760 1509 789 1569 ές
802 1506 869 1582 Θέρ-

72 1592 208 1663 μοπύλας·
243 1598 272 1653 ἒν
293 1593 322 1652 δὲ
341 1597 379 1672 τῷ
401 1593 506 1670 μεταξῦ
526 1595 652 1656 Φοίνικος
674 1596 803 1670 ποταμοῦ
824 1592 870 1651 καὶ

73 1681 275 1755 Θερμοπυλέων
296 1680 373 1757 κώμη
397 1681 429 1740 τέ
454 1686 524 1756 ἐστι,
551 1685 587 1760 τῇ
614 1679 719 1758 οῦνομα
744 1679 870 1758 Ἀνθήλη

73 1771 167 1836 κεῖται,
178 1767 243 1845 παρ’
253 1767 288 1844 ἣν
297 1767 330 1844 δη
342 1770 504 1847 παραρρέων
517 1768 673 1833 ὁἈσωπδς
682 1774 710 1833 ἔς
718 1769 871 1831 θόλασσαν

73 1855 181 1924 ι’κδιδοῖ,
203 1856 249 1914 καὶ
269 1860 360 1935 χιῦρος
380 1858 445 1934 περὶ
462 1857 548 1934 αὐτὴν
566 1856 652 1935 εύρῦς,
671 1863 700 1918 ἐν
717 1861 755 1936 τῷ
772 1857 870 1935 Δήμη-

72 1943 135 2017 τρός
151 1969 181 2002 τε
199 1943 259 2020 ἱρόν
277 1943 507 2021 Ἀμφικτυονίδος
524 1945 638 2023 ἵδρυται,
657 1947 703 2005 καὶ
722 1946 798 2023 ἕδραι
815 1945 871 2005 εἶσὶ

72 2031 270 2107 Ἀμφικτυόσι,
284 2033 330 2092 καὶ
344 2032 429 2093 αὐτοῦ
441 2038 492 2093 τοῦ
504 2033 708 2111 Ἀμφικτυόνος
721 2032 790 2110 ἱρόν.

113 2119 252 2188 Βασιλεύς
271 2123 324 2198 μὲν
344 2120 378 2196 δὴ
402 2121 508 2198 Ξέρξης
533 2120 781 2198 ἐστρατοπεδεύετο
800 2121 916 2196 τῆςῖὶθΙ

72 2208 202 2284 Μηλίδος
217 2213 246 2268 ε’ν
261 2213 297 2288 τῇ
315 2209 459 2289 Τρηχινίῃ·
480 2212 507 2270 οἱ
524 2209 554 2269 δὲ
575 2208 608 2285 δὴ
624 2208 773 2285 Ἕλληνες,
791 2211 871 2286 ε’ντῇ

72 2296 160 2376 διόδῳ·
190 2296 332 2379 (καλέεται
353 2297 383 2356 δὲ
406 2299 422 2359 ό
443 2302 534 2376 χῶρος
556 2295 637 2361 οὗτος
662 2295 717 2358 ύπδ
743 2299 795 2373 μὲν
815 2298 872 2355 τιῦν

71 2384 196 2444 πλεόνων
222 2383 377 2461 Ἑλλήνων·
393 2385 583 2462 Θερμοπύλαι,
603 2384 658 2446 ῦπὸ
680 2385 710 2444 δὲ
735 2388 791 2446 τῶν
815 2389 871 2444 ε’πι·

72 2473 178 2548 χωρίων
198 2472 245 2530 καὶ
263 2473 415 2550 ,περιοίκων
441 2473 559 2553 Πύλαι.)
602 2473 869 2551 ἐστρατοπεδεύοντο

72 2558 124 2632 μέν
137 2583 184 2618 νυν
198 2557 321 2635 ἑκάτεροι
335 2564 363 2621 ἕν
376 2559 502 2621 τούτοισι
514 2565 592 2622 τοῖσι
603 2562 742 2640 χωρίοισι·
759 2560 872 2637 ε’πεκρό·

73 2669 116 2702 τεε
130 2644 186 2704 δὲό
198 2647 250 2721 μὲν
261 2649 317 2706 τιῦν
329 2647 399 2723 πρός
411 2649 504 2725 βορῆν
517 2645 618 2725 ἄνεμον
631 2646 750 2728 ε’χόντων
763 2647 873 2708 πόντων

72 2733 156 2811 μέχρι
165 2735 310 2812 Τρηχῖνος,
321 2737 348 2793 οἱ
358 2733 388 2793 δὲ
397 2738 451 2795 τῶν
461 2735 532 2812 πρός
541 2735 622 2797 νότον
632 2737 678 2795 καὶ
690 2735 873 2814 μεσαμβρίην
923 2790 925 2794 ,

74 2821 224 2897 φερόντων,
237 2820 271 2881 τό
285 2822 331 2881 ε’πὶ
344 2820 446 2898 ταύτης
459 2828 509 2899 τῆς
522 2823 647 2902 ἠπείρου.

106 2909 208 2970 Ἦσαν
234 2908 264 2969 δὲ
291 2910 348 2971 οδε
374 2908 519 2987 Ἑλλήνων
544 2915 570 2971 οἱ
597 2912 780 2990 ὑπομένοντες
803 2911 853 2970 τόν
861 2913 922 2971 202

75 2998 190 3074 Πέρσην
211 3003 240 3059 ἓν
259 2997 347 3078 τούτῳ
368 3003 406 3078 τῷ
425 2999 515 3078 χοίρῳ·
538 3001 733 3075 Σπαρτιητέων
751 3023 781 3056 τε
796 3023 873 3070 τριτη

75 3083 168 3143 κόσισῑ
176 3085 300 3160 ὁπλῖται,
313 3088 359 3146 καὶ
372 3088 532 3170 Τεγεητέων
549 3084 780 3146 κόιλλαντινέωυ
793 3081 909 3172 γῷκκῦγι

71 3169 186 3244 η’μιῖνεες
202 3175 350 3255 ἑκατέρων·
380 3176 413 3249 ἐξ
425 3176 619 3257 Ὀρχομενοῦ
640 3197 677 3231 τε
694 3163 768 3242 τῆ(
780 3155 940 3266 ξ’*θλὼᾜ

60 3261 153 3319 εἴκοσι
163 3261 213 3322 καὶ
222 3264 338 3340 inurar,
350 3267 405 3330 καὶ
417 3273 455 3330 ἐκ
465 3271 522 3344 τῆς
537 3258 665 3336 λοιπῆῖ
677 3247 839 3330 mmm*
845 3233 968 3311 *mm*
