2024 3450
75 95 170 160 7-11]
421 96 533 142 ανκπα.
846 98 876 145 61

76 175 163 236 κακόν
181 167 211 236 τι
226 175 339 251 λαβεῖν·
362 176 450 232 ταῦτα
471 170 671 252 ἐπιλεγόμενοι,
693 171 879 241 συλλέξαντες

76 268 132 324 τῶν
143 262 242 322 Ἰάνων
257 260 321 324 τὀός
333 259 481 336 τυράννους
502 258 528 318 οἳ
544 258 589 318 ὑπ’
602 257 809 337 Ἀρισταγόρεω
825 262 878 335 μὲν

76 355 128 410 τοῦ
140 349 286 426 Μιλησίου
300 349 500 410 καταλυθέντες
518 350 573 406 τῶν
589 345 696 424 άρχέων
712 346 830 426 ἔφευγον
851 351 878 410 ε’ς

77 436 384 516 Μήδους-ἐτύγχανον
409 435 438 493 δὲ
461 434 525 494 τότε
552 433 804 511 συστρατευόμενοι
832 434 878 492 ε’πὶ

77 524 130 600 τήν
148 521 424 600 Μίλητον-τούτων
445 527 499 581 τῶν
520 520 626 598 ἀνδρῶν
643 520 707 584 τούς
725 522 877 599 παρεόντας

78 612 306 691 συγκαλέσαντες
319 610 416 690 ἔλεγόν
429 616 485 685 σφι
498 609 572 669 τάδε·
588 619 605 643 “
614 607 710 684 ἄνδρες
718 607 819 677 Ἴωνες,
830 612 879 668 νῦν

78 725 121 761 τις
142 699 232 775 όμέων
253 696 282 756 εὖ
300 697 421 772 ποιήσας
440 697 554 773 φανήτω
570 696 633 779 τόν1
638 696 779 771 βασιλέος
792 695 877 757 οἷκον·

77 786 145 849 τούς
156 785 212 867 γάρ
227 789 327 844 ἑωυτοῦ
345 785 462 847 ἔκαστος
475 784 563 861 όμέων
583 783 722 859 πολιήτας
734 782 878 859 πειράσθω

80 871 312 952 άπασχίζωνάπό
331 875 381 931 τοῦ
396 876 498 930 λοιποῦ
511 874 701 954 συμμαχικοῦ.
743 870 878 951 προϊσχό-

80 985 160 1036 μενοι
173 959 217 1036 δέ
226 959 432 1040 ε’παγγειλασθε
450 958 523 1029 τάδε,
538 959 573 1022 ὥς
591 960 740 1018 πείσονταί
749 985 780 1018 τε
794 958 877 1038 ἄχαρι

81 1045 161 1107 οὐδὲν
173 1045 218 1107 διά
230 1045 283 1122 τήν
295 1044 463 1116 άπόστασιν,
478 1046 542 1106 οὐδέ
554 1054 610 1122 σφι
625 1045 688 1106 οὔτε
701 1046 736 1106 τά
751 1046 796 1125 ἱρά
816 1045 878 1106 οὔτε

81 1133 116 1192 τά
133 1134 188 1193 ἴδια
207 1134 422 1212 ἐμπεπρήσεται,
438 1133 500 1192 οὐδὲ
518 1135 677 1212 βιαιότερον
692 1134 785 1203 ἕξουσι
800 1132 877 1195 οὐδὲν

81 1218 99 1298 ἢ
115 1222 250 1299 πρότερον
269 1221 353 1301 εἶχον·
377 1225 400 1280 εἰ
419 1221 449 1280 δὲ
469 1224 555 1281 ταῦτα
573 1223 624 1296 μὲν
639 1219 670 1280 οὗ
685 1221 838 1296 ποιήσουσι
852 1223 879 1279 οἱ
898 1254 901 1259 ·

82 1308 111 1374 ,δὲ
127 1309 235 1372 πάντως
253 1308 299 1367 διά
317 1308 410 1388 μάχης
432 1307 602 1378 ε’λεύσονται,
621 1307 686 1366 τάδε
708 1314 763 1382 σφι
782 1309 878 1386 λέγετε

82 1397 277 1472 ἐπηρεάζοντες
297 1396 385 1471 τάπερ
408 1397 501 1471 σφέας
517 1395 632 1462 κατέξει·
655 1393 690 1454 ὦς
711 1394 880 1454 ἑσσωθέντες

81 1487 117 1561 τῇ
136 1483 215 1560 μάχη
229 1481 510 1556 ἐξανδραποδιεῦνται,
526 1481 571 1537 καὶ
586 1479 620 1542 ὥς
634 1485 729 1554 σφεων
742 1478 805 1539 τούς
818 1481 880 1536 παῖ·

82 1569 131 1632 δας
150 1568 277 1642 ἐκτομίας
294 1566 450 1640 ποιήσομεν
468 1565 517 1626 τάς
535 1565 565 1623 δὲ
582 1565 736 1640 παρθένους
755 1563 880 1623 άνασπά-

82 1678 168 1714 στους
182 1658 209 1715 ε’ς
222 1651 344 1727 Βάκτρα,
360 1652 406 1709 καὶ
426 1650 461 1712 ὥς
478 1651 529 1727 τήν
546 1649 640 1730 χώρην
658 1648 775 1708 ἄλλοισι
793 1676 880 1733 παρα-

83 1738 236 1815 Mamer?
279 1741 315 1796 Οἱ
328 1740 379 1813 μὲν
398 1736 431 1812 δή
447 1739 544 1819 ἔλεγον
556 1741 653 1797 ταῦτα·
674 1737 771 1801 τῶνδὲ
784 1730 881 1801 Ἰάνων
894 1738 926 1799 M

83 1830 110 1886 οἶ
123 1826 252 1902 τύραννοι
265 1826 416 1905 διέπεμπον
426 1825 522 1888 νυκτός
536 1826 653 1888 ἕκαστος
667 1829 693 1889 ές
706 1825 770 1889 τοός
781 1829 881 1889 ε’ωυτοΰ,

84 1913 329 1993 ἐξαγγελλόμενος.
372 1915 398 1992 οῖ
415 1913 445 1971 δὲ
453 1911 545 1976 Ἴωνες
563 1919 590 1976 ἐς
606 1914 671 1975 τούς
689 1915 735 1973 καὶ
747 1912 880 1974 άπίκοντο

83 1998 214 2061 αὗταιάἱ
236 1999 374 2081 α’γγελίαι,
393 1998 581 2082 ιῖγνωμοσόνη.
598 2027 628 2060 τε
650 2001 813 2081 διεχρέωντο
834 2003 880 2060 καὶ

82 2088 115 2157 οὔ
135 2090 285 2166 προσίεντο
306 2088 358 2163 τήν
379 2088 542 2165 προδοσίην·
565 2089 694 2166 ἑωυτοῖσί
713 2114 743 2147 τε
767 2089 880 2170 ἔκαστοι

82 2176 191 2236 ε’δόκεον
203 2176 332 2253 μούνοισι
344 2175 439 2236 ταῦτα
444 2175 879 2255 τοός’Πέρσας’έξαγγέλλεσθαι.

80 2265 232 2340 ταῦταμέν
246 2289 293 2324 νυν
308 2264 384 2326 ἰθέως
397 2263 569 2339 ἀπικομένων
582 2268 609 2325 ἐς
621 2261 673 2337 τήν
681 2264 812 2337 Μίλητον
825 2267 880 2323 τῶν

82 2353 216 2427 Περσέων
237 2352 350 2431 ἐγίνετο.
760 2424 763 2429 ¹

123 2439 204 2495 Μετά
219 2439 255 2505 δὲ,
270 2442 324 2496 τῶν
333 2437 431 2496 Ἰώνων
445 2436 657 2514 συλλεχθέντων
671 2441 698 2497 ές
709 2435 762 2511 τήν
775 2436 878 2512 Λάδην,
891 2437 925 2494 ll

83 2525 207 2603 ε’γίνοντο
226 2524 278 2603 α’γο
297 2525 334 2581 αί·
356 2525 401 2582 καὶ
420 2522 454 2599 δή
471 2549 520 2581 κου
539 2530 594 2598 σφι
613 2525 658 2582 καὶ
677 2522 763 2582 άλλοι
780 2523 880 2603 ήγορό-

83 2636 161 2679 ωντο,
176 2615 204 2669 έν
224 2609 252 2668 δὲ
271 2551 304 2685 δή
323 2611 368 2668 καὶ
387 2609 427 2691 [ὁ]
445 2610 571 2672 Φωκαεύς
585 2609 767 2691 [στρατηγός]
783 2603 880 2670 Διονύ-

31 2707 36 2717 ‘
82 2718 149 2761 σιας·
158 2698 248 2779 λέγων
261 2696 336 2755 τάδε·
358 2708 375 2732 “
384 2699 429 2756 ε’πὶ
442 2698 525 2774 ξυροῦ
539 2697 593 2778 γάρ
608 2697 697 2774 ἀκμῆς
708 2697 880 2775 έχεταιήριῖν
908 2773 913 2786 ι

82 2784 117 2844 τά
136 2783 296 2866 πρήγματα,
318 2783 413 2861 ἄνδρες
429 2783 561 2859 Ἴωνες,ἣ
581 2784 648 2844 εἶναι
668 2786 840 2861 ἐλευθέροισι
862 2782 880 2859 ἢ

83 2871 219 2943 δούλοισι,
234 2873 280 2932 καὶ
298 2871 423 2932 τούτοισι
444 2871 480 2934 ὥς
500 2872 663 2954 δρηπέτῃσι·
684 2875 732 2931 νῦν
747 2871 783 2929 ὧν
801 2871 881 2947 όμέες

82 2955 117 3033 ἢν
130 2963 181 3036 μὲν
194 2960 343 3039 βούλησθε
360 2960 547 3034 ταλαιπωρίας
561 2958 727 3025 ἐνδέκεσθαι,
742 2957 774 3014 τό
794 2982 881 3031 παρα-

82 3051 180 3122 χρῆμα
192 3050 244 3123 μὲν
257 3045 342 3109 πόνος
352 3045 417 3123 όμῖν
431 3047 518 3113 ἔσται,
530 3043 587 3102 οἶοί
597 3068 629 3103 τε
642 3043 673 3100 δὲ
685 3042 790 3099 ἔσεσθε
799 3041 884 3112 {m-

76 3132 257 3207 βαλλόμενοι
280 3132 345 3198 τούς
369 3133 512 3196 ε’ναντίους
542 3131 616 3193 εἶναι
638 3127 795 3199 Meam·
828 3126 856 3177 ἐι
873 3121 917 3174 ἷζε

66 3219 198 3346 μμληῖκιη
211 3246 244 3279 τε
257 3222 308 3282 καὶ
321 3220 430 3303 ἀταξίη
447 3221 670 3304 διαχρήσεσθε,
684 3209 824 3284 offlam
840 3202 938 3277 §Nm
