2024 3450
90 105 199 170 ειν-ιιι]
396 107 598 156 ωυυνινουα.
872 112 887 156 9

90 185 189 245 αὐτῶν·
203 184 296 244 εἵπετο
305 184 360 266 γάρ
371 185 406 261 δή
416 192 472 262 σφι
485 187 531 244 καὶ
544 185 682 265 ὀχήματα,
698 186 743 245 καὶ
757 185 890 263 θεράπον-

89 299 134 335 τες
150 274 196 332 καὶ
213 272 232 348 ή
246 278 326 332 πᾶσα
342 274 439 348 πολλή
455 273 629 350 παρασκευή·
650 273 741 332 πάντα
755 273 788 348 δή
801 277 890 333 ταῦτα

24 395 27 400 ·
90 358 148 435 ἅμα
168 365 241 420 πᾶσι
262 363 378 421 κείνοισι
399 361 552 436 ήφάνιστο.
596 360 667 437 μετά
689 361 726 431 δὲ,
746 360 836 439 χρόνῳ
858 359 889 419 ού

89 452 188 528 πολλῷ
201 448 327 526 ὕστερον,
342 451 458 525 ζήτησις
475 453 529 508 τῶν
544 448 648 525 ἀνδρῶν
662 447 765 508 τούτων
778 447 899 528 μεγάλη

90 539 120 594 ἔκ
129 541 184 597 τῶν
193 538 326 614 Περσέων
337 538 452 618 ἐγίνετο·
466 537 515 594 καί
522 542 614 612 σφεας
622 535 805 612 Ἀλέξανδρος
813 537 889 595 κατέ·

89 627 165 701 λαβε
178 626 278 704 σοφίη,
291 624 423 703 χρήματά
435 651 466 684 τε
479 623 543 687 δούς
555 624 652 682 πολλά
666 625 712 682 καὶ
724 623 776 698 τήν
790 626 890 682 έωυτοΰ

89 710 238 788 ἀδελφεήν,
260 717 296 790 τῇ
324 712 428 787 οὔνομα
451 710 486 788 ἦν
513 712 629 791 Γυγαίη·
659 709 723 774 δούς
749 710 779 770 δὲ
802 713 890 770 ταῦτα

89 800 232 875 κατέλαβε
245 798 261 858 ό
273 799 457 877 Ἀλέξανδρος
466 799 611 878 Βουβάρῃ,
622 797 701 876 άνδρὶ
712 798 821 877 Πέρσῃ,
834 800 890 857 τῶν

90 885 239 962 διζημένων
256 887 321 950 τούς
336 886 529 963 α’πολομένους
543 890 598 946 τῶν
612 890 785 966 στρατηγῶν.
809 884 889 960 ὁμέν

88 999 137 1034 νυν
145 979 201 1034 τῶν
211 975 344 1052 Περσέων
353 974 457 1035 τούτων
468 974 586 1038 θάνατος
596 974 666 1034 οὕτω
677 973 890 1050 καταλαμφθεὶς

90 1061 217 1143 ε’σιγήθη.

123 1149 268 1228 Ἓλληνας
288 1152 318 1211 δὲ
339 1152 409 1211 εἶναι
431 1151 546 1215 τούτους
562 1149 628 1214 τούς
647 1148 889 1227 άπὸ-Περδίκκεω
897 1150 936 1207 22

88 1238 246 1319 γεγονότας,
267 1240 389 1318 κατάπερ
414 1239 492 1299 αὐτοὶ
515 1241 642 1320 λέγουσι,
663 1237 746 1300 αύτός
765 1262 795 1297 τε
816 1236 887 1296 οὕτω

89 1327 215 1407 τυγχάνω
235 1328 420 1404 ἐπιστάμενος
440 1328 498 1406 (καὶ
518 1326 553 1402 δή
574 1328 620 1386 καὶ
641 1330 670 1386 έν
689 1329 767 1385 τοῖσι
785 1323 888 1384 ὄπισθε

90 1414 204 1495 λόγοισι
224 1415 349 1485 ἀποδέξω
364 1415 400 1478 ὥς
416 1419 472 1474 εἰσι
482 1413 642 1494 Ἕλληνες),
658 1412 729 1490 πρός
744 1412 781 1486 δὲ,
797 1411 843 1469 καὶ
862 1414 888 1470 οἱ

88 1500 137 1561 τόν
158 1507 186 1562 ἕν
205 1502 350 1579 Ὀλυμπίῃ
371 1503 509 1565 διέποντες
528 1500 623 1582 άγοῖνα
645 1498 792 1574 Ἑλλήνων
816 1497 887 1558 οὕτω

90 1589 213 1668 ἔγνωσαν
227 1589 305 1647 εἶναι.
334 1587 520 1666 Ἀλεξάνδρου
531 1588 586 1669 γάρ
600 1586 741 1648 ἀεθλεύειν
752 1588 887 1661 ἑλομένου

90 1676 135 1735 καὶ
156 1676 330 1751 καταβάντος
351 1675 392 1734 ἐπ’
413 1676 480 1735 αύτό
500 1681 591 1746 τοῦτο,
613 1680 640 1735 οῖ
660 1673 888 1749 ἀντιθευσόμενοι

89 1762 233 1839 Ἑλλήνων
246 1762 368 1844 ἐξεῖργόν
384 1789 441 1841 μιν,
456 1764 576 1839 φάμενοι
593 1763 624 1823 ού
640 1761 796 1840 βαρβάρων
817 1760 888 1842 άγω-

71 1874 75 1882 ·
89 1853 204 1911 νιστέων
211 1851 280 1910 εἶναι
288 1850 338 1910 τόν
345 1850 447 1931 ἀγῶνα,
455 1850 532 1910 ἀλλά
539 1851 693 1926 Ἑλλήνων
703 1850 888 1926 Ἀλέξανδρος

89 1938 119 1996 δὲ
133 1938 227 2017 ε’πειδή
244 1938 359 2007 ἀπέδεξε
380 1938 414 2001 οἷς
435 1941 477 2015 εἴη
497 1939 631 2020 Ἀργεῖος,
650 1939 745 2014 ἐκρίθη
766 1963 797 1996 τε
818 1937 888 1996 εἶναι

83 2023 194 2103 Ἕλλην
217 2028 263 2086 καὶ
289 2025 488 2107 ἀγωνιζόμενος
510 2026 625 2086 στάδιον
646 2026 829 2094 συνεξέπιπτε
850 2029 889 2102 τῷ

89 2114 196 2195 πρώτῳ.

126 2207 220 2263 Ταῦτα
232 2203 284 2280 μέν
300 2229 348 2263 νυν
364 2202 434 2262 οὕτω
451 2229 486 2280 κη
502 2203 620 2284 ἐγένετο.
662 2201 838 2281 Μεγάβαζος
858 2201 939 2259 δὲ23

88 2289 161 2371 ἄγων
180 2290 244 2353 τούς
264 2293 389 2353 Παίονας
406 2290 520 2350 άπίκετο
539 2292 585 2349 ε’πὶ
599 2291 649 2351 τόν
661 2289 888 2365 Ἑλλήσποντον·

87 2379 211 2439 ἐνθεῦτεν
235 2379 264 2438 δὲ
291 2379 497 2455 διαπεραιωθεὶς
518 2377 632 2438 άπίκετο
653 2384 680 2441 ές
699 2378 809 2456 Σάρδις.
839 2377 888 2437 ἅτε

87 2466 116 2523 δὲ
128 2467 282 2544 τειχέοντος
295 2466 348 2541 ήδη
360 2466 495 2530 Ἱστιαίου
512 2470 563 2524 τοῦ
579 2467 726 2542 Μιλησίου
742 2465 795 2541 τήν
811 2467 889 2542 παρά

87 2553 208 2629 Δαρείου
224 2553 342 2628 αἰτήσας
356 2554 435 2630 ἔτυχε
451 2553 562 2630 δωρεήν,
576 2553 682 2629 μισθόν
695 2555 826 2629 φυλακῆς
837 2556 889 2628 τῆς

85 2640 209 2721 σχεδίης,
224 2640 317 2702 ε’όντος
330 2640 359 2699 δὲ
372 2644 422 2700 τοῦ
434 2639 527 2719 χοίρου
539 2640 639 2700 τούτου
652 2639 728 2717 παρά
740 2641 888 2718 Στρυμόνα

85 2729 221 2806 ποταμόν,
236 2727 286 2810 [τῷ
303 2727 407 2805 οὔνομά
424 2733 486 2788 ε’στι
501 2726 664 2811 Μύρκινος]
684 2729 781 2806 μαθῶν
798 2729 814 2789 ό
829 2734 887 2787 Με-

85 2817 211 2898 γάβαζος
230 2816 263 2877 τό
289 2817 452 2893 ποιεύμενον
474 2821 504 2876 ἐκ
527 2820 577 2876 τοῦ
596 2816 739 2889 Ἱστιαίου,
762 2816 797 2880 οἷς
816 2815 888 2892 ἦλθε

84 2905 207 2984 τάχιστα
227 2910 255 2968 ε’ς
274 2905 325 2969 τάς
345 2904 446 2982 Σάρδις
466 2903 540 2986 άγων
562 2905 627 2969 τοὺς
650 2905 782 2973 Παίονας,
808 2905 887 2986 ἔλεγε

86 2994 195 3072 Δαρείῳ
206 2993 282 3053 τάδε·
304 2992 347 3052 “ὦ
359 2993 494 3069 βασιλεῦ,
509 2992 586 3052 κοῖόν
599 3017 627 3052 τι
639 2995 737 3070 χρῆμα
751 2992 888 3067 ε’ποίησας

86 3078 294 3157 α’νδρὶἚλληνι
310 3081 387 3160 δεινῷ
402 3107 434 3140 τε
451 3081 498 3140 καὶ
516 3082 604 3160 σοφιῖγ
614 3078 685 3140 δούς
701 3075 913 3155 ἐηκπήσωδω

84 3167 168 3228 πόλιν
193 3172 224 3229 ἐν
247 3170 372 3252 Θρηΐκη;
401 3171 452 3232 ἵνα
470 3169 523 3248 ’ίδη
544 3195 580 3232 τε
602 3155 842 3243 ναυπαγῖιῦψὸς
865 3157 941 3203 ἕω

815 3235 825 3253 ἱ

879 3229 885 3250 ⁸
954 3244 963 3256 ι

72 3252 201 3328 ἄφθονος
219 3258 269 3319 καὶ
287 3263 403 3325 πολλοὶ
423 3262 551 3332 κωπέες,
572 3259 627 3320 καλ
646 3250 795 3334 μέταλλα
813 3245 959 3306 αῬῬῬΦ·
