2024 3450
115 114 161 162 110
405 111 594 163 ··ιυ>οιουου
848 112 910 178 [νι

113 192 283 271 προσέφερε·
304 193 380 257 ἐνδῦς
400 195 503 255 κιθῶνα
524 192 613 273 μέγαν
629 191 676 252 καὶ
694 192 802 253 κόλπον
819 192 912 254 πολῦν

112 280 334 358 καταλιπόμενος
351 284 401 340 τοῦ
418 280 540 347 κιθῶνος,
555 277 702 354 κοθόρνους
721 279 785 343 τοῦς
801 279 912 358 εὕρισκε

113 366 277 444 εὐρυτάτους
298 367 391 431 ἐόντας
407 365 627 443 ῦποδησιίμενος,
641 365 685 441 ήῖε
698 372 726 430 ἐς
738 367 788 427 τόν
806 370 911 445 θησαυ-

109 455 159 532 ρόν
184 461 211 519 ἐς
234 455 284 517 τόν
308 458 334 514 οἱ
359 455 535 535 κατηγέοντο,
560 453 690 514 ἐσπεσῶν
714 455 744 514 δὲ
768 461 795 519 ἐς
818 458 912 536 σωρόν

110 542 265 624 ψήγματος,
286 545 382 618 πρῶτα
403 545 454 618 μὲν
476 542 619 619 παρέσαξε
640 543 717 620 παρά
734 542 784 606 τάς
805 545 911 621 κνήμας

108 634 158 689 τοῦ
178 635 286 709 χρυσοῦ
306 630 375 690 ὅσον
392 628 511 708 ἐχώρεον
524 632 551 689 οἱ
564 629 702 708 κόθορνοι·
722 627 794 707 μετῶ
807 631 845 700 δὲ,
860 633 910 693 τόν

109 718 216 778 κόλπον
236 717 329 778 πάντα
349 717 532 794 πλησάμενος
552 723 669 796 χρυσοῦ,
685 719 731 777 καὶ
744 723 771 781 ἐς
784 718 834 781 τάς
852 721 910 797 τρί-

108 833 161 885 χας
180 809 231 882 τῆς
247 808 375 882 κεφαλῆς
388 805 528 868 διαπάσας
541 809 591 865 τοῦ
606 805 760 886 ψήγματος,
775 807 821 865 καὶ
834 806 910 867 ἄλλο

108 893 208 970 λοβῶν
231 899 258 956 ἐς
277 892 311 953 τό
326 892 429 969 στόμα,
444 893 518 968 ἐξήϊε
538 898 568 952 ἐκ
586 898 636 953 τοῦ
658 893 800 970 θησαυροῦ
822 895 909 955 ἕλκων

108 984 159 1055 μὲν
178 981 261 1060 μόγις
281 979 346 1043 τοῦς
359 979 514 1055 κοθόρνους,
529 983 613 1041 παντὶ
627 981 658 1040 δέ
671 1007 723 1060 τεῳ
737 981 816 1044 οἰκῶς
835 987 908 1058 μᾶλ-

106 1072 159 1126 λον
178 1067 197 1144 ἢ
218 1067 362 1146 α’νθρῶπῳ·
389 1072 440 1127 τοῦ
463 1069 496 1128 τό
519 1093 550 1127 τε
573 1068 668 1146 στόμα
692 1070 837 1145 ἐβέβυστο
862 1072 907 1128 καὶ

106 1155 198 1216 πάντα
226 1155 372 1236 ἐξόγκωτο.
415 1155 508 1216 ἰδόντα
535 1156 564 1214 δὲ
587 1155 638 1216 τῶν
665 1161 792 1234 Κροῖσον
818 1157 908 1237 γέλως

107 1244 222 1320 ἐσῆλθε·
251 1244 299 1303 καί
320 1246 347 1302 οἶ
372 1243 464 1304 πάντα
486 1271 517 1304 τε
541 1247 630 1304 ἐκεῖνα
654 1245 732 1315 διδοῖ,
757 1245 803 1303 καὶ
827 1245 907 1320 πρός,

107 1332 186 1409 ἕτερα
217 1331 344 1409 δωρέεται
376 1330 425 1390 οῦκ
456 1330 572 1390 ἐλάσσω
600 1335 716 1393 ἐκείνων.
759 1333 828 1392 οὕτω
854 1335 907 1408 μὲν

108 1420 265 1496 ἐπλούτησε
279 1417 298 1494 ῆ
317 1419 389 1495 οἰκίη
405 1419 474 1494 αῦτη
492 1418 629 1499 μεγάλως·
651 1421 697 1479 καὶ
713 1419 729 1479 ὁ
744 1419 906 1495 Ἀλκμαίων

106 1504 187 1571 οὗτος
213 1505 283 1566 οὕτω
309 1506 601 1584 τεθριπποτροφήσας,
624 1506 804 1583 Ὀλυμπιάδα
830 1506 905 1566 άναι-

61 1595 225 1671 126ρέεται.
267 1594 349 1654 Μετὰ
373 1595 410 1664 δὲ,
433 1600 514 1676 γενεῇ
538 1594 649 1672 δευτέρῃ
671 1595 798 1672 ὕστερον,
820 1599 905 1654 Κλει-

106 1684 208 1760 σθένης
227 1710 275 1762 μιν
291 1683 307 1743 ό
322 1685 459 1748 Σικυῶνος
471 1683 603 1759 τύραννος
616 1682 728 1760 ἐξήειρε,
743 1682 815 1742 ὥστε
834 1688 904 1741 πολ-

105 1774 147 1850 λῷ
159 1771 382 1847 ὀνομαστοτέρην
392 1771 523 1850 γενέσθαι
537 1775 566 1830 ἐν
579 1773 656 1829 τοῖσι
665 1768 792 1844 Ἕλλησι
805 1767 823 1845 ἢ
837 1770 904 1847 πρά-

107 1883 188 1934 τερον
207 1857 251 1933 ῆν.
293 1858 461 1917 Κλεισθένεϊ
484 1857 538 1937 γάρ
561 1862 599 1936 τῷ
621 1858 830 1935 Ἀριστωνύμου
853 1861 904 1917 τοῦ

106 1944 239 2021 Μῦρωνος
259 1949 309 2004 τοῦ
329 1944 448 2020 Ἀνδρέω
469 1946 574 2024 γίνεται
596 1945 719 2024 θυγάτηρ
741 1948 777 2022 τῇ
798 1942 904 2020 οῦνομα

104 2031 140 2108 ἦν
155 2032 319 2114 Ἀγαρίστη.
360 2031 462 2106 ταύτην
482 2031 613 2106 ήθέλησε,
631 2031 776 2105 Ἑλλήνων
794 2030 904 2092 πάντων

107 2120 221 2199 ἐξευρῶν
244 2119 294 2179 τόν
321 2118 445 2194 άριστον,
473 2117 560 2197 τούτῳ
586 2121 703 2198 γυναῖκα
728 2119 903 2194 προσθεῖναι.

104 2207 267 2284 Ὀλυμπίων
288 2207 324 2265 ῶν
342 2206 440 2265 ἐόντων
458 2206 503 2264 καὶ
521 2209 601 2266 νικῶν
618 2211 647 2265 ἐν
664 2205 775 2265 αὐτοῖσι
793 2207 904 2284 τεθρίπ-

105 2321 148 2373 πῳ
162 2296 177 2354 ὁ
193 2295 376 2368 Κλεισθένης,
391 2293 519 2373 κήρυγμα
532 2292 693 2367 ἐποιήσατο,
709 2292 788 2356 ὅστις
799 2292 903 2370 Ἑλλή-

106 2408 159 2442 νων
181 2381 279 2440 ἐωυτὸν
304 2379 378 2449 άξιοῖ
399 2382 585 2442 Κλεισθένεος
607 2381 740 2461 γαμβρόν
763 2381 903 2462 γενέσθαι,

106 2467 183 2544 ήκειν
204 2473 231 2531 ἐς
251 2467 405 2544 ἐξηκοστῆν
421 2468 558 2544 ήμέρηνῆ
573 2469 618 2526 καὶ
631 2468 766 2547 πρότερον
783 2474 811 2532 ἐς
825 2469 904 2533 Σικυ-

105 2560 168 2626 ῶνα,
183 2555 219 2620 ῶς
238 2555 410 2634 κυρῶσοντος
424 2557 611 2618 Κλεισθένεος
629 2556 678 2616 τόν
694 2555 786 2638 γάμον
805 2561 834 2616 ἐν
853 2561 904 2616 ἐνι-

104 2648 184 2723 αυτῷ,
208 2644 263 2704 άπὸ
284 2649 334 2720 τῆς
356 2644 507 2720 ἑξηκοστῆς
529 2643 685 2721 ἀρξαμένου
706 2644 820 2721 ῆμέρης.
863 2648 904 2703 ἐν·
943 2667 948 2677 ·

104 2733 192 2792 θαῦτα
215 2732 360 2807 Ἑλλήνων
384 2733 448 2792 ὅσοι
472 2733 560 2806 σφίσι
582 2758 613 2791 τε
635 2731 746 2791 αὐτοῖσι
764 2731 838 2806 ἦσαν
858 2734 904 2790 καὶ

104 2820 196 2898 πάτρη
207 2820 403 2900 ἐξωγκωμένοι,
412 2820 539 2894 ἐφοίτεον
552 2823 718 2896 μνηστῆρες·
732 2823 809 2879 τοῖσι
818 2823 903 2905 Κλει-

103 2909 205 2984 σθένης
224 2907 269 2966 καὶ
290 2906 393 2983 δρόμον
408 2908 453 2965 καὶ
467 2907 645 2983 παλαίστρην
657 2906 847 2983 ποιησάμενος
861 2904 903 2964 ἐπ’

34 2992 56 3043 J
56 2993 103 3049 -97
107 2993 189 3073 αύτῷ
199 2996 291 3075 τούτῳ
305 2994 374 3076 εἶχε.
405 2993 478 3055 Ἀπό
493 2998 543 3073 μὲν
558 2994 591 3071 δή
604 2993 725 3070 Ἰταλίης
738 2993 903 3070 ήλθεΣμιν·

69 3075 190 3156 ὃψιθης
206 3083 229 3142 o‘
246 3084 456 3164 Ἱπποκράτεος
476 3085 642 3165 Συβαρίτης
661 3082 690 3146 ῦς
709 3083 755 3141 ἒπλ
775 3084 912 3138 πλεῖστον

52 3156 98 3261 ὃιζ
107 3168 229 3250 χλιδῆς
248 3174 292 3238 εις
312 3175 393 3258 «οη,
416 3176 552 3241 ιπικπο-
578 3174 597 3253 ἡ
621 3174 655 3234 ιε
670 3171 803 3246 ςιβαιις
820 3165 933 3240 ἤκμαζε

36 3259 153 3309 τουτον
171 3259 232 3320 τόν
246 3265 373 3344 χρόνον
393 3269 553 3352 μάλιστα·
582 3265 633 3327 καὶ
648 3260 773 3339 Σιρίτης
793 3250 952 3326 Δάμασος,
