2024 3450
124 117 168 161 148
427 109 609 158 Ἥνοιονοι
849 106 925 170 [vn.

124 196 171 258 ἕνα
188 197 280 271 χῶρον
297 188 416 269 μυριάδα
434 188 594 266 α’νθριόπων,
610 188 655 246 καὶ
674 188 843 256 συνείξαντες
863 190 928 246 ταί-

123 309 174 358 την
192 281 227 343 αίς
240 279 367 357 μάλιστα
385 279 467 357 εἶχον,
483 278 672 358 περιέγραψαν
695 277 793 344 ἔξωθεν
814 274 926 336 κόκλον·

125 368 400 449 περιγράψαντεςδὲ,
418 368 463 426 καὶ
484 366 598 428 άπέντες
619 366 682 428 τοιλς
704 366 825 442 μυρίους,
846 370 927 442 αἱμα-

125 457 191 532 σιήν
209 458 381 533 περιέβαλον
401 455 471 514 κατὰ
488 455 539 516 τόν
561 454 662 513 κόκλον
683 455 753 531 ὕψος
768 453 928 530 ἀνήκουσαν

125 545 202 622 ἀνδρὶ
216 551 243 607 ἐς
255 545 305 605 τόν
319 544 459 622 ὀμφαλόν,
474 543 620 619 ταύτηνέδέ
633 543 809 617 ποιήσαντες,
822 541 929 606 ἄλλους

127 635 299 711 ἐσεβίβαζον
313 639 341 696 ἐς
353 632 386 693 τό
399 631 689 710 περιοικοδομημένον·
704 632 802 708 μέχρις
816 628 848 689 οὗ
860 632 926 691 πάν-

126 747 176 784 τας
193 721 281 801 τοιίτῳ
296 725 334 799 τῷ
346 720 440 799 τρόπῳ
455 720 653 796 ἐξηρίθμησαν·
675 715 882 794 ἀριθμήσαντες
899 720 926 778 δὲ

127 809 197 867 κατά
221 810 299 868 ἔθνεα
320 808 479 866 διέτασσον.

79 897 114 952 61
171 899 215 953 ΟἱἸ
229 895 257 953 δέ
276 894 491 971 στρατευόμενοι
512 894 569 952 οἵδε
582 893 665 968 ἦσαν·
688 895 799 970 Πέρσαι
811 897 863 970 μὲν
877 893 928 953 ὧδε

129 983 338 1058 ἐσκευασμένοι·
358 982 422 1058 περὶ
435 984 487 1058 μὲν
499 985 567 1059 τῇσι
581 986 727 1060 κεφαλῇσι
742 982 817 1060 εἶχον
832 981 928 1058 τιάρας

111 1070 318 1145 καλεομένους,
335 1069 434 1132 πίλους
447 1068 580 1149 ἀπαγέας·
601 1070 665 1145 περὶ
684 1070 714 1128 δέ
730 1069 763 1130 τό
785 1075 868 1146 σῶμα
889 1098 928 1128 κι·

127 1158 215 1220 θῶνας
228 1156 403 1236 χειριδωτοῧς
415 1158 567 1226 ποικίλους,
582 1158 695 1220 λεπίδος
713 1158 843 1234 σιδηρέης
863 1157 929 1235 ὄψιν

128 1245 302 1322 ἰχθυοειδέος·
323 1245 388 1322 περὶ
409 1246 438 1305 δέ
458 1244 493 1304 τά
514 1246 619 1304 σκέλεα
636 1243 808 1322 ἀναξυρίδας,
824 1245 885 1306 ἀντὶ
899 1248 928 1306 δὲ

127 1332 253 1393 ἀσπίδων
276 1334 376 1414 γέρρα·
403 1331 458 1393 im}
483 1333 520 1403 δὲ,
548 1337 736 1410 φαρετρεῶνες
763 1335 927 1410 ἐκρέμαντο·

127 1422 230 1501 αἰχμάς
251 1422 280 1481 δὲ
299 1421 427 1501 βραχέας
448 1420 532 1499 εἶχον,
546 1421 615 1490 τόξα
635 1421 665 1479 δέ
682 1421 802 1501 μεγάλα,
817 1421 929 1485 όῖστούς

127 1509 157 1568 δέ
174 1510 352 1586 καλαμίνους·
373 1510 444 1588 πρός
457 1510 494 1579 δέ,
510 1509 660 1590 ἐγχειρίδια
673 1508 751 1585 παρὰ
769 1510 819 1569 τόν
840 1510 928 1578 δεξιόν

126 1598 216 1673 μηρόν
238 1600 465 1676 παραιωρεύμενα
488 1603 518 1657 ἐκ
534 1601 585 1673 τῆς
603 1597 697 1672 ζώνης.
740 1597 786 1655 καὶ
807 1597 929 1676 ἄρχοντα

128 1688 294 1765 παρείχοντο
317 1684 445 1759 Ὀτάνεα,
470 1686 520 1746 τόν
543 1685 854 1762 Ἀμήστριοςπατέρα,
879 1691 929 1761 τῆς

127 1773 234 1848 Ξέρξεω
258 1772 395 1853 γυναικός.
437 1775 598 1853 (ἐκαλέοντο
625 1775 655 1832 δέ
681 1773 772 1832 πάλαι
799 1773 853 1832 ὑπό
877 1776 929 1850 μὲν

126 1857 270 1935 Ἑλλήνων
292 1864 436 1935 Κηφῆνες,
456 1860 510 1920 ὑπό
532 1861 626 1937 μέντοι
651 1861 748 1936 σφέων
772 1859 861 1920 αὐτῶν
883 1863 928 1920 καὶ

127 1949 181 2005 τῶν
202 1948 347 2024 περιοίκων
360 1946 493 2025 Ἀρταῖοι·
515 1949 574 2007 ἐπεὶ
595 1949 625 2007 δέ
643 1948 770 2025 Περσειλς
786 1947 801 2006 ό
816 1949 929 2025 Δανάης

126 2060 157 2093 τε
179 2035 225 2093 καὶ
247 2034 315 2099 Διός
337 2035 452 2096 άπίκετο
472 2037 550 2113 παρὰ
570 2037 675 2112 Κηφέα
693 2034 742 2095 τόν
758 2035 862 2109 Βήλου,
883 2038 928 2095 καὶ

128 2122 195 2201 ἔσχε
209 2123 293 2184 αὐτοῦ
306 2122 359 2200 τήν
365 2111 510 2204 ’θυγατέρα
522 2125 716 2202 Ἀνδρομέδην,
724 2124 835 2204 γίνεται
856 2123 928 2202 αὐτῷ

127 2210 192 2273 πάϊς
214 2215 253 2289 τῷ
277 2210 382 2288 οὔνομα
407 2213 484 2270 ἔθετο
510 2213 640 2288 Πέρσην·
667 2216 766 2272 τοῦτον
790 2211 819 2270 δέ
843 2210 928 2271 ου’τοῦ

128 2297 297 2367 καταλείπει,
320 2296 453 2377 ἐτόγχανε
473 2298 527 2378 γοὶρ
544 2298 628 2361 ἅπαις
647 2299 697 2358 &dv
716 2298 732 2358 ό
751 2300 868 2375 Κηφεύς
887 2301 927 2376 ἔρ-

127 2407 208 2445 σενος
227 2383 320 2462 γόνου,
340 2385 386 2442 ἐπὶ
406 2384 506 2444 τούτου
524 2385 554 2444 δὲ
571 2385 622 2460 τήν
644 2388 799 2462 ἐπωνυμίην
821 2389 947 2466 ἐσχον.)’

80 2471 117 2530 62
129 2470 224 2544 Μῆδοι
243 2470 272 2529 δὲ
292 2470 344 2546 τήν
365 2469 452 2547 αὐτήν
469 2470 571 2548 ταύτην
592 2473 761 2549 ἐσταλμένοι
784 2477 927 2551 ἐστρατεύ-

127 2582 200 2616 οντο·
223 2557 336 2633 Μηδικὴ
353 2558 409 2638 γάρ
428 2558 497 2636 αὕτη
516 2560 534 2636 ή
553 2559 641 2635 σκευή
660 2564 730 2628 ἐστι,
746 2562 792 2618 καὶ
810 2560 843 2620 ὸύ
857 2569 927 2639 Περ-

77 2695 80 2701 .
128 2643 205 2720 σική.
247 2643 274 2704 οἷ
294 2647 324 2704 δὲ
337 2647 433 2722 Μῆδοι
445 2647 569 2727 ἄρχοντα
581 2651 633 2725 μὲν
645 2646 814 2724 παρείχοντο
828 2652 928 2728 Τιγρά-

128 2758 184 2808 νην,
199 2731 285 2810 άνδρα
297 2731 503 2812 Ἀχαιμενίδην.
538 2735 699 2815 (ἐκαλέοντο
712 2734 742 2792 δέ
756 2733 846 2791 πάλαι
859 2735 928 2808 πρὸς

126 2820 235 2881 πάντων
250 2819 352 2898 Ἀριοι·
375 2820 542 2898 α’πικομένης
562 2822 592 2881 δὲ
611 2820 736 2896 Μηδείης
755 2823 806 2894 τῆς
821 2825 927 2899 Κολχί-

128 2911 174 2973 δος
194 2909 225 2980 ἐξ
236 2907 374 2988 Ἀθηνέων
391 2913 418 2972 ἐς
430 2907 496 2972 τούς
508 2909 618 2987 Ἀρίους
631 2907 752 2976 τὸότους,
766 2909 928 2984 μετέβαλον

114 2999 167 3056 καί
183 2996 262 3060 οὖτοι
283 2998 320 3061 τό
339 2996 455 3078 οὕνομα·
478 2995 558 3058 αὐτοὶ
578 2997 608 3058 δὲ
627 2996 692 3076 περὶ
707 2996 803 3072 σφέων
818 2993 868 3056 ὧδε
883 3001 927 3057 λέ-

97 3107 188 3158 γουσι
213 3089 340 3175 Μῆδοι.)
384 3091 512 3154 Κίσσιοι
534 3088 566 3152 δέ
589 3085 812 3169 στρατευόμενοι
831 3085 869 3143 τὰ
893 3090 940 3160 μὲν

80 3166 167 3229 ἄλλα
187 3179 329 3264 κατάπερ
342 3184 469 3268 Πέρσαι
493 3181 687 3248 ἐσκευάδατο·
709 3175 821 3238 άυτλδὶ
834 3177 890 3231 τῶν
913 3171 958 3224 πἰ-

61 3251 138 3326 λωθ
151 3275 358 3356 μιτρηφόροι
382 3277 481 3360 ἦσαν.
529 3274 679 3342 Κισσίων
698 3271 732 3332 δὶ
749 3257 972 3346 ἦρχεᾋνάδήῗ
