2024 3450
70 109 179 176 ιι-ιι]
305 176 307 180 ⁴
371 112 559 160 KAAA101111.
827 112 870 162 3ι7

69 192 175 253 πολλοὶ
200 189 433 250 ἀπαλλάσσοντο·
464 195 491 252 ἐς
512 191 563 265 μὲν
584 187 634 248 τόν
655 191 747 268 χῦρον
768 193 796 253 ἐς
822 187 871 249 τῦν

70 279 211 339 συνέκειτο
229 277 279 337 οῦκ
298 283 327 336 ἐν
344 275 398 354 νόῳ
416 277 533 354 ἔχοντες,
548 278 574 334 οἱ
588 276 625 345 δὲ,
640 275 674 338 (ῦς
694 276 867 354 ἐκινήθησαν,

70 368 189 447 ἔφευγον
216 364 333 441 ἅσμενοι
360 364 411 438 τήν
433 364 518 423 ἵππον
542 362 612 438 πρὸς
631 363 682 438 τήν
706 366 868 424 Πλαταιέων

69 453 163 523 πόλιν,
179 453 328 533 φεύγοντες
344 451 373 509 δέ
391 450 568 510 ἀπικνέονται
584 449 630 508 ἐπὶ
647 450 679 509 τῦ
692 449 818 527 Ἡραῖον·
838 452 870 512 τῦ
928 485 929 489 ’

70 541 101 600 δέ
118 542 175 619 πρό
192 545 242 616 τῆς
259 538 360 602 πόλιός
374 544 435 599 ἐστι
447 542 499 614 τῆς
512 536 686 606 Πλαταιέων,
702 539 791 596 εἴκοσι
804 564 871 596 στα-

70 629 145 691 δίους
158 627 214 686 αἷπῦ
228 632 278 703 τής
292 626 393 704 κρήνης
404 630 455 703 τῆς
468 625 632 706 Γαργαφίης
645 623 760 703 άπέχον·
777 623 871 683 αἷπικό·

70 741 150 791 μενοι
168 714 198 772 δέ
216 715 309 774 ἔθεντο
326 713 382 791 πρό
396 718 446 773 τοῦ
461 717 521 790 ἱροῦ
534 711 570 772 τά
586 711 667 771 ὅπλα
711 711 769 770 Καὶ
783 713 810 769 οἱ
822 713 873 787 μέν
880 713 920 770 53

70 803 135 878 περὶ
153 802 186 861 τῦ
207 800 323 878 Ἡραῖον
351 800 628 878 ἐστρατοπεδεύοντο·
656 799 820 875 Παυσανίης
843 799 872 857 δέ

71 888 156 965 ὁρέων
169 891 261 964 σφέας
274 888 549 966 ἀπαλλασσομένους
563 894 593 948 ἐκ
606 892 656 948 τοῦ
672 887 871 966 στρατοπέδου,
885 933 887 938 .

70 976 252 1057 παρήγγελλε
265 977 311 1036 καὶ
324 982 401 1038 τοῖσι
411 977 663 1053 Λακεδαιμονίοισι,
678 975 872 1053 ἀναλαβόντας
923 1044 925 1047 ,

70 1063 106 1124 ταὶ
132 1063 208 1123 ὅπλα
236 1066 303 1125 ἰέναι
330 1066 400 1126 κατά
420 1065 485 1130 τοῦς
505 1063 611 1128 ἄλλους
631 1065 695 1128 τοῦς
715 1065 871 1143 προϊόντας·

70 1152 188 1229 νομίσας
206 1152 305 1217 αῦτοῦς
326 1160 354 1218 ἐς
372 1154 422 1215 τόν
443 1159 535 1234 χιῦρον
557 1156 626 1214 ἱέναι
643 1159 671 1216 ἐς
688 1154 737 1213 τόν
756 1151 871 1227 συνεθή

70 1266 162 1300 καντο·
178 1243 295 1301 ἐνθαῦτα
306 1244 393 1318 οἱμὲν
406 1242 492 1301 ἄλλοι
506 1242 596 1317 άρτιοι
609 1239 684 1316 ἦσαν
697 1245 751 1299 τιῦν
761 1239 872 1315 ταξιαρ-

69 1329 140 1405 χέων
153 1330 301 1389 πείθεσθαι
319 1331 478 1406 Παυσανίη·
499 1327 715 1403 Ἀμομφάρετος
732 1326 760 1384 δέ
779 1326 795 1384 ό
813 1331 872 1384 Πο-

71 1415 178 1483 λιάδεω,
198 1417 343 1494 λοχηγέων
358 1419 408 1473 τοῦ
426 1413 603 1488 Πιτανητέων
623 1412 721 1490 λόχου,
744 1411 793 1471 οῦκ
815 1414 869 1487 ἔφη

70 1500 135 1562 τοῦς
155 1501 258 1569 ξείνους
279 1500 440 1575 φεύξεσθαι,
456 1499 518 1558 οῦδὲ
539 1500 606 1559 ἐκών
628 1499 696 1558 εἶναι
717 1500 872 1577 αἰσχυνέειν

70 1587 122 1663 τήν
136 1588 276 1665 Σπάρτην·
299 1586 423 1662 ἐθώμαζέ
440 1613 470 1647 τε
489 1586 574 1664 ὁρέων
591 1586 623 1645 τῦ
640 1587 809 1663 ποιεύμενον,
824 1585 872 1646 ἅτε

72 1673 104 1733 οῦ
117 1674 339 1754 παραγενόμενος
348 1679 386 1752 τῷ
396 1675 520 1754 προτέρῳ
534 1674 619 1755 λόγῳ·
635 1674 650 1734 ό
665 1675 694 1733 δέ
709 1675 873 1749 Παυσανίης

70 1788 102 1822 τε
112 1763 158 1822 καὶ
171 1762 187 1822 ό
200 1761 347 1840 Εὐρυάναξ
356 1762 444 1822 δεινόν
454 1765 506 1838 μὲν
516 1767 657 1822 ἐποιεῦντο
665 1762 698 1822 τό
709 1761 749 1839 μή
761 1762 872 1821 πείθεσ-

72 1853 119 1911 θαι
140 1855 242 1911 ἐκεῖνον
266 1851 362 1926 σφίσι,
385 1850 536 1927 δεινότερον
558 1851 588 1909 δέ
609 1851 656 1921 ἐτι,
674 1853 764 1911 κείνου
785 1854 873 1910 ταῦτα

71 1941 229 2016 νενωμένου,
257 1938 407 1998 άπολιπεῖν
432 1938 482 1997 τόν
511 1938 599 2017 λόχον
625 1938 675 1998 τόν
702 1937 870 2012 Πιτανήτην,

70 2028 119 2102 μή,
140 2026 174 2104 ήν
195 2027 358 2087 ἀπολίπωσι
374 2029 514 2091 ποιεῦντες
531 2025 567 2086 τά
587 2024 775 2100 συνεθήκαντο
796 2026 872 2083 τοῖσι

64 2115 187 2176 άλλοισι
208 2116 344 2193 Ἕλλησι,
369 2113 510 2190 ἀπόληται
531 2113 713 2189 ῦτολειφθεὶς
737 2111 819 2175 αῦτός
841 2137 871 2170 τε

63 2203 285 2283 Ἀμομφάρετος
299 2203 345 2262 καὶ
359 2207 385 2263 οἱ
397 2201 457 2279 μετ’
472 2201 566 2262 αῦτοῦ·
587 2205 676 2261 ταῦτα
695 2199 871 2282 λογιζόμενοι

70 2291 191 2370 άτρέμας
219 2293 295 2371 εἶχον
315 2291 347 2352 τῦ
369 2289 560 2368 στρατόπεδον
579 2288 612 2349 τό
633 2289 801 2359 Λακωνικόν,
826 2289 872 2347 καὶ

71 2384 218 2457 ἐπειρῶντο
244 2381 386 2442 πείθοντές
408 2404 457 2455 μιν
485 2377 520 2442 ιῦς
547 2377 579 2437 οῦ
605 2378 689 2458 χρεόν
716 2378 758 2453 εἴη
782 2381 870 2453 ταῦτα

68 2466 183 2528 ποιέειν.
491 2513 492 2517 ,

113 2555 169 2611 Καὶ
192 2557 222 2613 οῖ
248 2557 299 2630 μὲν
324 2554 498 2634 παρηγόρεον
517 2553 744 2633 Ἀμομφάρετον,
767 2549 919 2630 μοῦνον5-1ι
943 2597 946 2605 .

71 2641 295 2718 Λακεδαιμονίων
304 2666 336 2699 τε
348 2641 394 2699 καὶ
407 2642 563 2721 Τεγεητέων
575 2643 768 2719 λελειμμένον.
789 2638 870 2714 Ἀθη-

72 2731 143 2787 ναῖοι
156 2728 186 2787 δέ
200 2728 309 2787 ἐποίευν
321 2727 423 2786 τοιάδε·
445 2728 521 2806 εἶχον
531 2727 652 2805 α’τρέμας
665 2730 758 2805 σφέας
771 2726 871 2788 αὐτοῦς

73 2815 116 2875 ἵνα
134 2817 301 2896 ἐτάχθησαν,
318 2815 497 2892 ἐπιστάμενοι
513 2815 548 2874 τά
564 2817 788 2892 Λακεδαιμονίων
802 2818 870 2888 φρο-

71 2903 187 2980 νήματα,
212 2905 246 2967 ιῦς
267 2902 345 2962 ἅλλα
367 2902 539 2980 φρονεόντων
561 2904 607 2962 καὶ
629 2902 705 2961 ἄλλα
723 2897 870 2978 λεγόντων·

72 2989 108 3052 ὦς
134 2992 163 3051 δέ
191 2992 303 3069 ἐκινήθη
334 2990 367 3051 τῦ
395 2990 593 3067 στρατόπεδον,
621 2990 744 3063 ἔπεμπον
774 2984 871 3057 σφέων

73 3079 159 3135 ἱππέα
183 3079 322 3158 ὀψόμενόν
344 3104 376 3138 τε
398 3083 422 3138 εἰ
445 3077 615 3159 πορεύεσθαι
641 3072 821 3149 ἐπιχειφίοιευ
851 3075 884 3124 οἱ

71 3164 253 3242 Σπαρτιῆται,
277 3168 333 3229 εἴτε
358 3167 407 3228 καὶ
430 3166 467 3229 τῦ
489 3163 631 3243 παράπαν
660 3157 704 3235 μὴ
721 3153 915 3250 διαυοξῖυυταὶ

62 3242 327 3321 ἅπαλλάτσεσθαι·
348 3254 529 3337 ἐπείρεσθαί
542 3245 578 3313 δε
586 3241 779 3312 Παυσυνλψ
793 3255 833 3287 'm
844 3241 940 3298 *ω’
