2024 3450
111 116 145 172 ιι
420 113 601 164 Ἦυοιοτου
837 112 912 217 ‚m

118 224 144 256 οι
135 194 343 273 ’Λαμψακηνοὶ
363 193 587 272 λοχήσαντες
559 192 684 268 αιρέουσι
700 192 851 274 ζωγρίῃ·’
832 219 867 268 ην
885 195 915 253 δὲ

117 311 132 342 ο
125 280 311 356 Μιλτιαδης
328 281 443 358 Κροίσῳ
462 283 500 357 τῷ
521 279 633 356 Λυδῷ’
621 304 650 338 εν
671 278 767 358 γνώμη
785 281 914 359 γεγονώς

118 369 274 446 πυθόμενος
288 367 324 427 ὧν
338 367 353 426 6
367 371 493 445 Κροῖσος
505 337 600 434 τοῦτό,
615 367 731 442 πέμπων
744 367 915 446 προηγόρευε

115 461 192 518 τοῖσι
212 459 431 566 Λαμψακηνοῖσι
448 455 569 532 μετιέναι
589 452 756 512 Μιλτιάδεα·
779 479 803 511 ει
795 454 905 512 ’δέ
865 482 914 531 μη,

92 596 96 601 .
117 546 209 628 σφέας
229 545 325 607 πίτυος
346 542 450 619 τρόπον
472 541 585 600 ἀπείλεε
602 541 748 617 ἐκτρίψειν·
770 546 914 619 πλανωμέ-

117 658 170 692 νων
188 632 274 690 δέ
235 657 291 691 των
304 633 528 739 Λαμψακηνῶν’
516 654 544 687 εν
557 631 634 686 τοῖσι
652 626 784 709 λόγοισι,
788 656 820 713 το
812 629 918 696 θέλει,

115 720 148 779 τὸ
162 721 227 793 ἐπος
242 718 311 797 εἶναι
323 744 356 777 το
349 718 439 791 Ὓσφι
441 714 630 791 ἅπείλησεν
614 742 629 774 ο
644 719 810 792 Κροῖσος,“
818 717 916 779 πίτυος

114 806 219 882 τρόπον
233 803 410 882 ἐκτρίψειν,”’
408 803 491 883 μόγις
505 829 567 863 κοτε
556 803 737 880 ’μαθών
699 829 753 862 των
769 829 811 866 τις
828 830 914 880 πρεσ-

116 892 285 969 βυτέρων-ἶ
260 917 319 949 επε
272 890 374 949 ίτό
397 891 450 958 ἐὰν,
471 889 513 948 ὅτι
529 890 609 951 πίτυς
627 889 715 965 μούνη
732 889 840 950 πάντων
858 891 914 951 δεν-

116 980 227 1057 δρέων’
215 981 365 1036 εκκοπεῖσα
378 976 511 1052 βλαστὸν
522 976 619 1035 ουδένα
632 979 727 1052 μετίει,
739 976 815 1035 α’λλοὶ
825 1004 914 1037 πανω·

116 1067 216 1141 λεθρος
238 1063 435 1132 ἐξαπόλλυται·
461 1063 600 1134 δείσαντες
619 1063 655 1122 ὧν
679 1068 705 1122 οἶ
727 1067 912 1141 Λαμψακηνοὶ

68 1155 106 1212 38
117 1154 251 1228 Κροῖσον,
266 1151 401 1227 λύσαντες
414 1155 536 1226 μετῆκαν
549 1150 717 1210 Μιλτιάδεα.
760 1150 850 1232 Οὗτος
863 1151 921 1227 μὲν

115 1240 150 1315 δή
171 1240 216 1298 διὰ
235 1241 363 1315 Κροῖσον
386 1238 522 1317 ἐκφεύγει·
544 1237 614 1314 μετὰ
636 1239 673 1308 δέ,
692 1242 809 1317 τελευτᾷ
832 1239 913 1302 ἄπαις

114 1326 275 1406 τήνᾶρχήν
287 1351 319 1385 τε
333 1325 379 1383 καὶ
391 1324 427 1384 τοὶ
440 1325 571 1403 χρήματα
590 1326 729 1403 παραδούς
744 1326 915 1406 Στησαγόρῃ

114 1419 152 1493 τῷ
166 1414 296 1492 Κίμωνος
309 1413 449 1490 ἀδελφεοῦ
461 1415 539 1474 παιδὶ
556 1414 736 1491 ὁμομητρίου·
760 1416 807 1473 καί
826 1418 852 1474 οἱ
870 1441 912 1473 τε·

115 1502 283 1578 λευτήσαντι
297 1505 506 1579 Χερσονησῖται
521 1501 626 1575 θύουσι,
643 1501 678 1564 οἷς
691 1501 775 1577 νόμος
794 1505 911 1579 οἰκιστῇ,

116 1592 161 1648 καὶ
182 1589 276 1670 αἷγῶνα
296 1590 411 1650 ἱππικόν
425 1615 456 1649 τε
475 1590 520 1648 καὶ
537 1589 676 1670 γυμνικόν
687 1593 820 1648 ἐπιστᾶσι
835 1593 863 1647 ἐν
875 1593 912 1667 τῷ

114 1683 312 1755 Λαμψακηνῶν
335 1677 423 1756 οὐδενὶ
444 1678 580 1759 ἐγγίνεται
602 1676 794 1757 ἀγωνίζεσθαι.
829 1677 912 1733 πολέ-

114 1790 169 1840 μου
190 1765 265 1822 δὲ’
236 1791 328 1826 εοντος
345 1764 416 1840 πρδς
431 1763 647 1841 Λαμψακηνοδς,
668 1790 713 1820 και
703 1763 912 1843 Στησαγόρεα

85 1908 88 1914 ,
117 1851 264 1924 κατέλαβε
275 1848 424 1907 αποθανεῖν
438 1849 549 1917 ἄπαιδα,
564 1850 754 1926 πληγέντα
721 1875 772 1924 την
786 1849 913 1958 κεφαλην

115 1935 253 1993 πελέκεῖ’
240 1960 269 1992 εν
281 1939 319 2012 τῷ
332 1935 487 2011 πρυτανηίῳ
497 1935 571 2008 πρὸς
583 1933 681 2007 α’νδρὸς
692 1934 895 2009 αυτομόλου
862 1964 913 2013 μεν

115 2048 153 2100 τῳ
140 2019 243 2101 λόγῳ
261 1993 413 2098 πολεμιου
414 2020 454 2077 δέ.
460 2045 505 2076 και
495 2018 794 2095 υποθερμοτέρου
756 2047 795 2098 τῳ
810 2023 889 2101 ἔργῳ.

69 2111 105 2168 39
156 2109 380 2185 Τελευτήσαντος
394 2108 423 2165 δὲ
442 2130 492 2164 και
477 2105 689 2214 Στησαγόρεω
703 2107 795 2188 τρόπῳ
808 2112 922 2189 τοιῷδε,4

96 2197 235 2255 ἐνθαῦτα
259 2192 472 2253 Μιλτιαδεα
440 2202 489 2252 τον
513 2193 649 2269 Κιμωνος,
675 2196 867 2276 Στησαγόρεω
883 2201 913 2258 δὲ

115 2286 165 2341 τοῦ
188 2281 407 2357 τελευτήσαντος
431 2279 577 2355 ἀδελφεόν,
604 2281 912 2360 καταλαμψόμενον
877 2313 913 2346 τα

115 2367 267 2448 πρήγματα
291 2368 336 2425 ἐπὶ
359 2369 545 2445 Χερσονήσου
567 2368 781 2429 α’ποστέλλουσι
807 2371 913 2449 τριήρεϊ

116 2458 142 2515 οἱ
155 2456 397 2533 Πεισιστρατίδαι·
419 2457 448 2516 οἵ
465 2483 515 2533 μιν
533 2457 578 2515 καὶ
597 2461 625 2515 ἐν
644 2456 782 2535 Ἀθήνησι
804 2459 913 2519 ἐπὸίευν

116 2541 154 2612 εὗ,
179 2543 215 2604 αἶς
239 2541 271 2601 οὗ
295 2544 450 2607 συνειδότες
477 2544 559 2620 δῆθεν
581 2548 633 2604 τοῦ
656 2545 760 2622 πατρός
784 2545 912 2622 Κίμωνος
940 2532 949 2549 ο

116 2627 201 2688 αὐτοῦ
214 2629 264 2690 τόν
278 2632 403 2703 θάνατον,
413 2633 467 2693 ’τᾶν
481 2630 534 2711 ey&
549 2637 577 2690 ἐν
592 2631 671 2711 ἄλλῳ
685 2632 761 2712 λόγῳ
782 2633 911 2708 σημανέω

116 2715 151 2779 οἷς
168 2719 285 2798 ἐγένετο.
301 2738 303 2743 ·
327 2720 484 2795 Μιλτιάδης
498 2719 527 2777 δὲ
543 2718 710 2795 ἀπικόμενος
731 2725 758 2781 ἐς
777 2719 828 2794 ’τήν
841 2725 911 2795 Χερ

85 2877 87 2881 ἢ
116 2805 242 2880 σόνησον
256 2806 313 2885 εἶχε
328 2805 385 2866 κατ’
401 2808 499 2880 οἴκους,
513 2806 561 2864 τόν
576 2805 714 2881 ἀδελφεόν
729 2807 910 2887 Στησαγόρεα

116 2892 223 2969 δηλαδή
238 2894 391 2970 ἐπιτιμέων·
413 2897 439 2952 οἶ
453 2893 482 2952 δὲ
493 2898 701 2969 Χερσονησῖται
712 2894 911 2969 πυνθανόμενοι

115 2985 211 3052 ταῦτα,
234 2981 454 3060 συνελέχθησαν
469 2978 525 3039 ἅπό
547 2981 658 3039 πασέων
681 2985 736 3040 τῶν
758 2983 863 3040 πολίων
885 2985 911 3040 οἶ

99 3067 322 3134 θνναστευοντες
335 3068 486 3132 παντοθεν·
510 3095 591 3148 κοινω
575 3067 636 3127 δε
649 3068 769 3127 στὸλω
737 3093 920 3144 ατικομενοι

84 3151 122 3210 10'5
138 3159 462 3240 συλλυπηθησομενοι,
486 3155 668 3236 ἐδέθησαν
652 3182 693 3215 υτ
720 3151 820 3210 αυτοῖ)
855 3154 936 3204 Μιλ-

66 3236 173 3313 νιαδης
193 3271 231 3306 γε
255 3249 332 3327 37
316 3278 403 3334 “W“
427 3251 484 3330 „jv
506 3245 723 3328 Χερσονησον,
744 3231 952 3294 πεντακοσίοις
