<?xml version="1.0" encoding="UTF-8"?>
<!DOCTYPE html PUBLIC "-//W3C//DTD XHTML 1.0 Transitional//EN"
    "http://www.w3.org/TR/xhtml1/DTD/xhtml1-transitional.dtd">
<html xmlns="http://www.w3.org/1999/xhtml" xml:lang="en" lang="en">
 <head>
  <title>
</title>
<meta http-equiv="Content-Type" content="text/html;charset=utf-8" />
  <meta name='ocr-system' content='tesseract 3.04.00' />
  <meta name='ocr-capabilities' content='ocr_page ocr_carea ocr_par ocr_line ocrx_word'/>
</head>
<body>
  <div class='ocr_page' id='page_1' title='image "./recensuitjoseph01herogoog_0320.png"; bbox 0 0 2024 3450; ppageno 0'>
   <div class='ocr_carea' id='block_1_1' title="bbox 81 109 876 176">
    <p class='ocr_par' dir='ltr' id='par_1_1' title="bbox 81 109 876 176">
     <span class='ocr_line' id='line_1_1' title="bbox 81 109 876 176; baseline -0.006 -14"><span class='ocrx_word' id='word_1_1' title='bbox 81 109 190 176; x_wconf 86' lang='grc'>60-64]</span> <span class='ocrx_word' id='word_1_2' title='bbox 379 110 567 159; x_wconf 78' lang='grc' dir='ltr'>ΚΑΛΛΙΟΠΗ.</span> <span class='ocrx_word' id='word_1_3' title='bbox 831 110 876 158; x_wconf 74' lang='lat'>311</span> 
     </span>
    </p>
   </div>
   <div class='ocr_carea' id='block_1_2' title="bbox 685 187 795 211">
    <p class='ocr_par' dir='ltr' id='par_1_2' title="bbox 685 187 795 211">
     <span class='ocr_line' id='line_1_2' title="bbox 685 187 795 211; baseline -0.018 0"><span class='ocrx_word' id='word_1_4' title='bbox 685 187 795 211; x_wconf 62' lang='grc' dir='ltr'>ΧὶΙ</span> 
     </span>
    </p>
   </div>
   <div class='ocr_carea' id='block_1_3' title="bbox 69 187 948 3254">
    <p class='ocr_par' dir='ltr' id='par_1_3' title="bbox 76 187 933 1410">
     <span class='ocr_line' id='line_1_3' title="bbox 81 187 880 270; baseline 0 -21"><span class='ocrx_word' id='word_1_5' title='bbox 81 189 162 268; x_wconf 82' lang='grc' dir='ltr'>δονίῳ</span> <span class='ocrx_word' id='word_1_6' title='bbox 179 189 226 247; x_wconf 84' lang='grc' dir='ltr'>καὶ</span> <span class='ocrx_word' id='word_1_7' title='bbox 242 193 278 268; x_wconf 76' lang='grc' dir='ltr'>τῇ</span> <span class='ocrx_word' id='word_1_8' title='bbox 294 191 414 266; x_wconf 73' lang='grc' dir='ltr'>στρατιῇ</span> <span class='ocrx_word' id='word_1_9' title='bbox 427 192 462 266; x_wconf 78' lang='grc' dir='ltr'>τῇ</span> <span class='ocrx_word' id='word_1_10' title='bbox 475 187 628 266; x_wconf 80' lang='grc' dir='ltr'>παρεούσῃ·</span> <span class='ocrx_word' id='word_1_11' title='bbox 650 213 695 248; x_wconf 91' lang='grc' dir='ltr'>και</span> <span class='ocrx_word' id='word_1_12' title='bbox 709 215 742 248; x_wconf 90' lang='grc' dir='ltr'>ου</span> <span class='ocrx_word' id='word_1_13' title='bbox 755 215 810 270; x_wconf 93' lang='grc' dir='ltr'>γαρ</span> <span class='ocrx_word' id='word_1_14' title='bbox 824 195 880 265; x_wconf 84' lang='grc' dir='ltr'>σφι</span> 
     </span>
     <span class='ocr_line' id='line_1_4' title="bbox 81 275 880 357; baseline 0.003 -22"><span class='ocrx_word' id='word_1_15' title='bbox 81 278 187 357; x_wconf 86' lang='grc' dir='ltr'>ἐγίνετο</span> <span class='ocrx_word' id='word_1_16' title='bbox 205 277 242 337; x_wconf 81' lang='grc' dir='ltr'>τά</span> <span class='ocrx_word' id='word_1_17' title='bbox 263 275 376 356; x_wconf 88' lang='grc' dir='ltr'>σφάγια</span> <span class='ocrx_word' id='word_1_18' title='bbox 397 275 518 354; x_wconf 79' lang='grc' dir='ltr'>χρηστά,</span> <span class='ocrx_word' id='word_1_19' title='bbox 540 275 655 335; x_wconf 84' lang='grc' dir='ltr'>ἐπιπτόν</span> <span class='ocrx_word' id='word_1_20' title='bbox 680 302 712 336; x_wconf 93' lang='grc' dir='ltr'>τε</span> <span class='ocrx_word' id='word_1_21' title='bbox 739 276 828 337; x_wconf 74' lang='grc' dir='ltr'>οὔτῶν</span> <span class='ocrx_word' id='word_1_22' title='bbox 850 281 880 337; x_wconf 90' lang='grc' dir='ltr'>ἐν</span> 
     </span>
     <span class='ocr_line' id='line_1_5' title="bbox 79 362 879 443; baseline 0.001 -20"><span class='ocrx_word' id='word_1_23' title='bbox 79 364 168 443; x_wconf 76' lang='grc' dir='ltr'>τούτῳ</span> <span class='ocrx_word' id='word_1_24' title='bbox 180 367 218 443; x_wconf 77' lang='grc' dir='ltr'>τῷ</span> <span class='ocrx_word' id='word_1_25' title='bbox 230 364 321 442; x_wconf 74' lang='grc' dir='ltr'>χρόνῳ</span> <span class='ocrx_word' id='word_1_26' title='bbox 334 366 440 421; x_wconf 87' lang='grc' dir='ltr'>πολλοὶ</span> <span class='ocrx_word' id='word_1_27' title='bbox 453 362 500 421; x_wconf 81' lang='grc' dir='ltr'>καὶ</span> <span class='ocrx_word' id='word_1_28' title='bbox 513 366 612 440; x_wconf 77' lang='grc' dir='ltr'>πολλῷ</span> <span class='ocrx_word' id='word_1_29' title='bbox 629 366 745 427; x_wconf 81' lang='grc' dir='ltr'>πλεῦνες</span> <span class='ocrx_word' id='word_1_30' title='bbox 759 370 879 442; x_wconf 90' lang='grc' dir='ltr'>ἐτρωμα-</span> 
     </span>
     <span class='ocr_line' id='line_1_6' title="bbox 78 449 933 530; baseline 0.002 -20"><span class='ocrx_word' id='word_1_31' title='bbox 78 453 198 522; x_wconf 85' lang='grc' dir='ltr'>τιζοντο·</span> <span class='ocrx_word' id='word_1_32' title='bbox 213 451 367 528; x_wconf 80' lang='grc' dir='ltr'>φράξαντες</span> <span class='ocrx_word' id='word_1_33' title='bbox 376 449 431 530; x_wconf 80' lang='grc' dir='ltr'>γάρ</span> <span class='ocrx_word' id='word_1_34' title='bbox 441 449 477 509; x_wconf 79' lang='grc' dir='ltr'>τά</span> <span class='ocrx_word' id='word_1_35' title='bbox 489 451 575 530; x_wconf 92' lang='grc' dir='ltr'>γέρρα</span> <span class='ocrx_word' id='word_1_36' title='bbox 589 453 616 507; x_wconf 81' lang='grc' dir='ltr'>οἱ</span> <span class='ocrx_word' id='word_1_37' title='bbox 626 449 746 526; x_wconf 81' lang='grc' dir='ltr'>Πέρσαι,</span> <span class='ocrx_word' id='word_1_38' title='bbox 761 451 880 512; x_wconf 78' lang='grc' dir='ltr'>ἀπίεσαν</span> <span class='ocrx_word' id='word_1_39' title='bbox 932 501 933 504; x_wconf 32' lang='grc'>.</span> 
     </span>
     <span class='ocr_line' id='line_1_7' title="bbox 79 535 878 614; baseline 0.001 -16"><span class='ocrx_word' id='word_1_40' title='bbox 79 543 134 598; x_wconf 82' lang='grc' dir='ltr'>τῶν</span> <span class='ocrx_word' id='word_1_41' title='bbox 146 538 322 614; x_wconf 80' lang='grc' dir='ltr'>τοξευμάτων</span> <span class='ocrx_word' id='word_1_42' title='bbox 332 537 428 597; x_wconf 80' lang='grc' dir='ltr'>πολλά</span> <span class='ocrx_word' id='word_1_43' title='bbox 438 537 572 614; x_wconf 80' lang='grc' dir='ltr'>ἀφειδέως</span> <span class='ocrx_word' id='word_1_44' title='bbox 582 535 660 608; x_wconf 77' lang='grc' dir='ltr'>οὕτω,</span> <span class='ocrx_word' id='word_1_45' title='bbox 672 537 745 596; x_wconf 85' lang='grc' dir='ltr'>ώστε</span> <span class='ocrx_word' id='word_1_46' title='bbox 754 541 878 614; x_wconf 85' lang='grc' dir='ltr'>πιεζομέ-</span> 
     </span>
     <span class='ocr_line' id='line_1_8' title="bbox 80 619 879 703; baseline 0 -18"><span class='ocrx_word' id='word_1_47' title='bbox 80 653 133 685; x_wconf 86' lang='grc' dir='ltr'>νων</span> <span class='ocrx_word' id='word_1_48' title='bbox 145 630 200 685; x_wconf 83' lang='grc' dir='ltr'>τών</span> <span class='ocrx_word' id='word_1_49' title='bbox 214 627 408 702; x_wconf 77' lang='grc' dir='ltr'>Σπαρτιητέων</span> <span class='ocrx_word' id='word_1_50' title='bbox 418 626 528 684; x_wconf 79' lang='grc' dir='ltr'>καὶτῶν</span> <span class='ocrx_word' id='word_1_51' title='bbox 538 623 669 703; x_wconf 87' lang='grc' dir='ltr'>σφαγίων</span> <span class='ocrx_word' id='word_1_52' title='bbox 680 621 712 682; x_wconf 78' lang='grc' dir='ltr'>οὐ</span> <span class='ocrx_word' id='word_1_53' title='bbox 721 619 879 703; x_wconf 79' lang='grc' dir='ltr'>γινομένων,</span> 
     </span>
     <span class='ocr_line' id='line_1_9' title="bbox 79 710 878 790; baseline 0.003 -19"><span class='ocrx_word' id='word_1_54' title='bbox 79 712 288 790; x_wconf 77' lang='grc' dir='ltr'>ἀποβλέψαντα</span> <span class='ocrx_word' id='word_1_55' title='bbox 310 713 360 773; x_wconf 82' lang='grc' dir='ltr'>τόν</span> <span class='ocrx_word' id='word_1_56' title='bbox 381 713 546 787; x_wconf 84' lang='grc' dir='ltr'>Παυσανίην</span> <span class='ocrx_word' id='word_1_57' title='bbox 566 710 637 788; x_wconf 82' lang='grc' dir='ltr'>πρός</span> <span class='ocrx_word' id='word_1_58' title='bbox 654 710 687 771; x_wconf 81' lang='grc' dir='ltr'>τό</span> <span class='ocrx_word' id='word_1_59' title='bbox 707 710 825 788; x_wconf 80' lang='grc' dir='ltr'>Ἡραῖον</span> <span class='ocrx_word' id='word_1_60' title='bbox 843 714 878 773; x_wconf 80' lang='grc' dir='ltr'>τό</span> 
     </span>
     <span class='ocr_line' id='line_1_10' title="bbox 80 799 879 878; baseline 0.003 -20"><span class='ocrx_word' id='word_1_61' title='bbox 80 801 246 860; x_wconf 83' lang='grc' dir='ltr'>Πλαταιέων</span> <span class='ocrx_word' id='word_1_62' title='bbox 256 799 481 859; x_wconf 79' lang='grc' dir='ltr'>ἐπικαλέσασθαι</span> <span class='ocrx_word' id='word_1_63' title='bbox 490 799 542 873; x_wconf 86' lang='grc' dir='ltr'>τῆν</span> <span class='ocrx_word' id='word_1_64' title='bbox 553 799 624 868; x_wconf 81' lang='grc' dir='ltr'>θεόν,</span> <span class='ocrx_word' id='word_1_65' title='bbox 634 799 782 878; x_wconf 80' lang='grc' dir='ltr'>χρηΐζοντα</span> <span class='ocrx_word' id='word_1_66' title='bbox 793 801 879 877; x_wconf 88' lang='grc' dir='ltr'>μηδα-</span> 
     </span>
     <span class='ocr_line' id='line_1_11' title="bbox 78 887 927 966; baseline 0.007 -21"><span class='ocrx_word' id='word_1_67' title='bbox 78 891 137 963; x_wconf 82' lang='grc' dir='ltr'>μῶς</span> <span class='ocrx_word' id='word_1_68' title='bbox 158 889 250 963; x_wconf 85' lang='grc' dir='ltr'>σφέας</span> <span class='ocrx_word' id='word_1_69' title='bbox 270 890 427 966; x_wconf 80' lang='grc' dir='ltr'>ψευσθῆναι</span> <span class='ocrx_word' id='word_1_70' title='bbox 447 891 498 964; x_wconf 81' lang='grc' dir='ltr'>τῆς</span> <span class='ocrx_word' id='word_1_71' title='bbox 511 887 633 951; x_wconf 84' lang='grc' dir='ltr'>ἐλπίδος.</span> <span class='ocrx_word' id='word_1_72' title='bbox 681 893 775 948; x_wconf 70' lang='grc' dir='ltr'>Ταῦτα</span> <span class='ocrx_word' id='word_1_73' title='bbox 795 888 819 948; x_wconf 78' lang='grc' dir='ltr'>δ’</span> <span class='ocrx_word' id='word_1_74' title='bbox 839 891 927 951; x_wconf 77' lang='grc' dir='ltr'>ἐτι62</span> 
     </span>
     <span class='ocr_line' id='line_1_12' title="bbox 77 975 878 1055; baseline 0.006 -21"><span class='ocrx_word' id='word_1_75' title='bbox 77 975 178 1035; x_wconf 78' lang='grc' dir='ltr'>τούτου</span> <span class='ocrx_word' id='word_1_76' title='bbox 195 977 419 1053; x_wconf 83' lang='grc' dir='ltr'>ἐπικαλεομένου,</span> <span class='ocrx_word' id='word_1_77' title='bbox 432 976 688 1055; x_wconf 79' lang='grc' dir='ltr'>προεξαναστάντες</span> <span class='ocrx_word' id='word_1_78' title='bbox 705 976 836 1055; x_wconf 89' lang='grc' dir='ltr'>πρότεροι</span> <span class='ocrx_word' id='word_1_79' title='bbox 852 982 878 1039; x_wconf 83' lang='grc' dir='ltr'>οἱ</span> 
     </span>
     <span class='ocr_line' id='line_1_13' title="bbox 78 1063 878 1144; baseline 0.008 -22"><span class='ocrx_word' id='word_1_80' title='bbox 78 1068 212 1144; x_wconf 79' lang='grc' dir='ltr'>Τεγεῆται</span> <span class='ocrx_word' id='word_1_81' title='bbox 226 1063 345 1144; x_wconf 76' lang='grc' dir='ltr'>ἐχώρεον</span> <span class='ocrx_word' id='word_1_82' title='bbox 358 1071 386 1130; x_wconf 87' lang='grc' dir='ltr'>ἐς</span> <span class='ocrx_word' id='word_1_83' title='bbox 397 1064 463 1130; x_wconf 76' lang='grc' dir='ltr'>τούς</span> <span class='ocrx_word' id='word_1_84' title='bbox 475 1064 652 1144; x_wconf 75' lang='grc' dir='ltr'>βαρβάρους·</span> <span class='ocrx_word' id='word_1_85' title='bbox 674 1067 719 1126; x_wconf 84' lang='grc' dir='ltr'>καὶ</span> <span class='ocrx_word' id='word_1_86' title='bbox 732 1072 808 1128; x_wconf 82' lang='grc' dir='ltr'>τοῖσι</span> <span class='ocrx_word' id='word_1_87' title='bbox 821 1075 878 1135; x_wconf 84' lang='grc' dir='ltr'>Λα-</span> 
     </span>
     <span class='ocr_line' id='line_1_14' title="bbox 77 1152 878 1233; baseline 0.005 -23"><span class='ocrx_word' id='word_1_88' title='bbox 77 1152 276 1230; x_wconf 87' lang='grc' dir='ltr'>κεδαιμονίοισι</span> <span class='ocrx_word' id='word_1_89' title='bbox 289 1153 387 1214; x_wconf 76' lang='grc' dir='ltr'>αὐτίκα</span> <span class='ocrx_word' id='word_1_90' title='bbox 399 1153 471 1230; x_wconf 83' lang='grc' dir='ltr'>μετά</span> <span class='ocrx_word' id='word_1_91' title='bbox 483 1154 535 1229; x_wconf 81' lang='grc' dir='ltr'>τήν</span> <span class='ocrx_word' id='word_1_92' title='bbox 549 1153 633 1233; x_wconf 70' lang='grc' dir='ltr'>εὐχήν</span> <span class='ocrx_word' id='word_1_93' title='bbox 645 1154 698 1230; x_wconf 85' lang='grc' dir='ltr'>τῆν</span> <span class='ocrx_word' id='word_1_94' title='bbox 711 1157 878 1215; x_wconf 88' lang='grc' dir='ltr'>Παυσανίεω</span> 
     </span>
     <span class='ocr_line' id='line_1_15' title="bbox 76 1241 878 1323; baseline 0.005 -24"><span class='ocrx_word' id='word_1_95' title='bbox 76 1241 182 1322; x_wconf 86' lang='grc' dir='ltr'>ἐγίνετο</span> <span class='ocrx_word' id='word_1_96' title='bbox 196 1244 358 1320; x_wconf 85' lang='grc' dir='ltr'>θυομένοισι</span> <span class='ocrx_word' id='word_1_97' title='bbox 370 1243 405 1303; x_wconf 82' lang='grc' dir='ltr'>τά</span> <span class='ocrx_word' id='word_1_98' title='bbox 419 1242 532 1323; x_wconf 89' lang='grc' dir='ltr'>σφάγια</span> <span class='ocrx_word' id='word_1_99' title='bbox 541 1241 664 1321; x_wconf 89' lang='grc' dir='ltr'>χρηστά.</span> <span class='ocrx_word' id='word_1_100' title='bbox 697 1242 731 1304; x_wconf 85' lang='grc' dir='ltr'>ώς</span> <span class='ocrx_word' id='word_1_101' title='bbox 745 1244 774 1301; x_wconf 84' lang='grc' dir='ltr'>δέ</span> <span class='ocrx_word' id='word_1_102' title='bbox 787 1243 878 1322; x_wconf 80' lang='grc' dir='ltr'>χρόνῳ</span> 
     </span>
     <span class='ocr_line' id='line_1_16' title="bbox 76 1325 877 1410; baseline 0.002 -23"><span class='ocrx_word' id='word_1_103' title='bbox 76 1333 140 1389; x_wconf 87' lang='grc' dir='ltr'>κοτέ</span> <span class='ocrx_word' id='word_1_104' title='bbox 153 1332 270 1410; x_wconf 87' lang='grc' dir='ltr'>ἐγένετο,</span> <span class='ocrx_word' id='word_1_105' title='bbox 286 1332 404 1409; x_wconf 79' lang='grc' dir='ltr'>ἐχώρεον</span> <span class='ocrx_word' id='word_1_106' title='bbox 415 1330 461 1386; x_wconf 82' lang='grc' dir='ltr'>καὶ</span> <span class='ocrx_word' id='word_1_107' title='bbox 475 1325 552 1387; x_wconf 62' lang='grc' dir='ltr'>οὗτοι</span> <span class='ocrx_word' id='word_1_108' title='bbox 566 1330 612 1386; x_wconf 79' lang='grc' dir='ltr'>ἐπὶ</span> <span class='ocrx_word' id='word_1_109' title='bbox 624 1328 689 1391; x_wconf 74' lang='grc' dir='ltr'>τοῦς</span> <span class='ocrx_word' id='word_1_110' title='bbox 701 1330 817 1404; x_wconf 87' lang='grc' dir='ltr'>Πέρσας</span> <span class='ocrx_word' id='word_1_111' title='bbox 831 1332 877 1389; x_wconf 83' lang='grc' dir='ltr'>καὶ</span> 
     </span>
    </p>

    <p class='ocr_par' dir='ltr' id='par_1_4' title="bbox 69 1414 948 3254">
     <span class='ocr_line' id='line_1_17' title="bbox 77 1414 877 1494; baseline 0.003 -20"><span class='ocrx_word' id='word_1_112' title='bbox 77 1419 104 1474; x_wconf 84' lang='grc' dir='ltr'>οἱ</span> <span class='ocrx_word' id='word_1_113' title='bbox 117 1419 229 1492; x_wconf 86' lang='grc' dir='ltr'>Πέρσαι</span> <span class='ocrx_word' id='word_1_114' title='bbox 242 1416 331 1475; x_wconf 84' lang='grc' dir='ltr'>άντίοι</span> <span class='ocrx_word' id='word_1_115' title='bbox 341 1417 376 1474; x_wconf 79' lang='grc' dir='ltr'>τά</span> <span class='ocrx_word' id='word_1_116' title='bbox 388 1414 457 1483; x_wconf 83' lang='grc' dir='ltr'>τόξα</span> <span class='ocrx_word' id='word_1_117' title='bbox 469 1416 605 1490; x_wconf 83' lang='grc' dir='ltr'>μετέντες.</span> <span class='ocrx_word' id='word_1_118' title='bbox 648 1415 752 1494; x_wconf 85' lang='grc' dir='ltr'>ἐγίνετο</span> <span class='ocrx_word' id='word_1_119' title='bbox 766 1416 795 1474; x_wconf 84' lang='grc' dir='ltr'>δὲ</span> <span class='ocrx_word' id='word_1_120' title='bbox 805 1422 877 1493; x_wconf 80' lang='grc' dir='ltr'>πρώ-</span> 
     </span>
     <span class='ocr_line' id='line_1_18' title="bbox 76 1500 876 1582; baseline 0.003 -22"><span class='ocrx_word' id='word_1_121' title='bbox 76 1527 126 1560; x_wconf 90' lang='grc' dir='ltr'>τον</span> <span class='ocrx_word' id='word_1_122' title='bbox 147 1502 262 1578; x_wconf 75' lang='grc' dir='ltr'>περὶτὰ</span> <span class='ocrx_word' id='word_1_123' title='bbox 280 1503 366 1582; x_wconf 88' lang='grc' dir='ltr'>γέρρα</span> <span class='ocrx_word' id='word_1_124' title='bbox 386 1501 474 1578; x_wconf 86' lang='grc' dir='ltr'>μάχη·</span> <span class='ocrx_word' id='word_1_125' title='bbox 503 1500 538 1563; x_wconf 86' lang='grc' dir='ltr'>ώς</span> <span class='ocrx_word' id='word_1_126' title='bbox 558 1501 589 1559; x_wconf 79' lang='grc' dir='ltr'>δὲ</span> <span class='ocrx_word' id='word_1_127' title='bbox 607 1504 697 1559; x_wconf 87' lang='grc' dir='ltr'>ταῦτα</span> <span class='ocrx_word' id='word_1_128' title='bbox 714 1502 876 1575; x_wconf 77' lang='grc' dir='ltr'>ἐπεπτώκεε,</span> 
     </span>
     <span class='ocr_line' id='line_1_19' title="bbox 75 1586 948 1669; baseline 0.006 -23"><span class='ocrx_word' id='word_1_129' title='bbox 75 1587 129 1664; x_wconf 80' lang='grc' dir='ltr'>ἤδη</span> <span class='ocrx_word' id='word_1_130' title='bbox 150 1590 254 1669; x_wconf 89' lang='grc' dir='ltr'>ἐγίνετο</span> <span class='ocrx_word' id='word_1_131' title='bbox 272 1587 351 1665; x_wconf 87' lang='grc' dir='ltr'>μάχη</span> <span class='ocrx_word' id='word_1_132' title='bbox 371 1587 474 1666; x_wconf 81' lang='grc' dir='ltr'>ἱσχυρῆ</span> <span class='ocrx_word' id='word_1_133' title='bbox 491 1586 557 1664; x_wconf 87' lang='grc' dir='ltr'>παρ’</span> <span class='ocrx_word' id='word_1_134' title='bbox 573 1586 641 1647; x_wconf 76' lang='grc' dir='ltr'>αὐτό</span> <span class='ocrx_word' id='word_1_135' title='bbox 657 1588 689 1648; x_wconf 82' lang='grc' dir='ltr'>τό</span> <span class='ocrx_word' id='word_1_136' title='bbox 707 1589 876 1667; x_wconf 82' lang='grc' dir='ltr'>Δημήτριον,</span> <span class='ocrx_word' id='word_1_137' title='bbox 944 1625 948 1633; x_wconf 67' lang='grc'><strong>’</strong></span> 
     </span>
     <span class='ocr_line' id='line_1_20' title="bbox 76 1674 877 1756; baseline 0.006 -22"><span class='ocrx_word' id='word_1_138' title='bbox 76 1677 122 1734; x_wconf 88' lang='grc' dir='ltr'>καὶ</span> <span class='ocrx_word' id='word_1_139' title='bbox 141 1676 244 1756; x_wconf 89' lang='grc' dir='ltr'>χρόνον</span> <span class='ocrx_word' id='word_1_140' title='bbox 265 1677 310 1735; x_wconf 86' lang='grc' dir='ltr'>ἐπὶ</span> <span class='ocrx_word' id='word_1_141' title='bbox 331 1676 449 1746; x_wconf 80' lang='grc' dir='ltr'>πολλόν,</span> <span class='ocrx_word' id='word_1_142' title='bbox 469 1680 496 1739; x_wconf 90' lang='grc' dir='ltr'>ἐς</span> <span class='ocrx_word' id='word_1_143' title='bbox 514 1674 530 1735; x_wconf 80' lang='grc' dir='ltr'>ὃ</span> <span class='ocrx_word' id='word_1_144' title='bbox 547 1675 681 1736; x_wconf 76' lang='grc' dir='ltr'>ἀπίκοντο</span> <span class='ocrx_word' id='word_1_145' title='bbox 700 1682 726 1740; x_wconf 86' lang='grc' dir='ltr'>ἐς</span> <span class='ocrx_word' id='word_1_146' title='bbox 743 1678 877 1754; x_wconf 79' lang='grc' dir='ltr'>ὠθισμόν·</span> 
     </span>
     <span class='ocr_line' id='line_1_21' title="bbox 74 1763 877 1845; baseline 0.002 -22"><span class='ocrx_word' id='word_1_147' title='bbox 74 1765 111 1824; x_wconf 85' lang='grc' dir='ltr'>τά</span> <span class='ocrx_word' id='word_1_148' title='bbox 123 1765 177 1845; x_wconf 78' lang='grc' dir='ltr'>γάρ</span> <span class='ocrx_word' id='word_1_149' title='bbox 192 1765 296 1842; x_wconf 91' lang='grc' dir='ltr'>δόρατα</span> <span class='ocrx_word' id='word_1_150' title='bbox 310 1763 567 1840; x_wconf 87' lang='grc' dir='ltr'>ἐπιλαμβανόμενοι</span> <span class='ocrx_word' id='word_1_151' title='bbox 576 1765 718 1832; x_wconf 87' lang='grc' dir='ltr'>κατέκλων</span> <span class='ocrx_word' id='word_1_152' title='bbox 728 1770 754 1825; x_wconf 82' lang='grc' dir='ltr'>οἱ</span> <span class='ocrx_word' id='word_1_153' title='bbox 763 1765 877 1843; x_wconf 83' lang='grc' dir='ltr'>βάρβα·</span> 
     </span>
     <span class='ocr_line' id='line_1_22' title="bbox 74 1851 876 1931; baseline 0.004 -19"><span class='ocrx_word' id='word_1_154' title='bbox 74 1880 128 1928; x_wconf 90' lang='grc' dir='ltr'>ροι.</span> <span class='ocrx_word' id='word_1_155' title='bbox 170 1852 277 1931; x_wconf 86' lang='grc' dir='ltr'>λήματι</span> <span class='ocrx_word' id='word_1_156' title='bbox 289 1853 342 1929; x_wconf 88' lang='grc' dir='ltr'>μέν</span> <span class='ocrx_word' id='word_1_157' title='bbox 355 1879 403 1912; x_wconf 89' lang='grc' dir='ltr'>νυν</span> <span class='ocrx_word' id='word_1_158' title='bbox 417 1853 463 1911; x_wconf 89' lang='grc' dir='ltr'>καὶ</span> <span class='ocrx_word' id='word_1_159' title='bbox 475 1851 554 1931; x_wconf 84' lang='grc' dir='ltr'>ῥώμη</span> <span class='ocrx_word' id='word_1_160' title='bbox 569 1851 618 1912; x_wconf 81' lang='grc' dir='ltr'>οὐκ</span> <span class='ocrx_word' id='word_1_161' title='bbox 633 1854 749 1918; x_wconf 84' lang='grc' dir='ltr'>ἐσσονες</span> <span class='ocrx_word' id='word_1_162' title='bbox 761 1854 836 1930; x_wconf 84' lang='grc' dir='ltr'>ἦσαν</span> <span class='ocrx_word' id='word_1_163' title='bbox 849 1859 876 1915; x_wconf 79' lang='grc' dir='ltr'>οἱ</span> 
     </span>
     <span class='ocr_line' id='line_1_23' title="bbox 76 1939 876 2018; baseline 0.001 -19"><span class='ocrx_word' id='word_1_164' title='bbox 76 1943 197 2018; x_wconf 86' lang='grc' dir='ltr'>Πέρσαι·</span> <span class='ocrx_word' id='word_1_165' title='bbox 218 1940 338 2001; x_wconf 77' lang='grc' dir='ltr'>ἄνοπλοι</span> <span class='ocrx_word' id='word_1_166' title='bbox 357 1941 386 1999; x_wconf 85' lang='grc' dir='ltr'>δὲ</span> <span class='ocrx_word' id='word_1_167' title='bbox 402 1939 500 2009; x_wconf 88' lang='grc' dir='ltr'>ἐόντες,</span> <span class='ocrx_word' id='word_1_168' title='bbox 515 1940 644 2016; x_wconf 78' lang='grc' dir='ltr'>καὶπρὸς</span> <span class='ocrx_word' id='word_1_169' title='bbox 658 1940 876 2018; x_wconf 78' lang='grc' dir='ltr'>ἀνεπιστήμονες</span> 
     </span>
     <span class='ocr_line' id='line_1_24' title="bbox 74 2026 876 2105; baseline 0.001 -18"><span class='ocrx_word' id='word_1_170' title='bbox 74 2026 156 2103; x_wconf 82' lang='grc' dir='ltr'>ἦσαν,</span> <span class='ocrx_word' id='word_1_171' title='bbox 172 2029 218 2088; x_wconf 81' lang='grc' dir='ltr'>καὶ</span> <span class='ocrx_word' id='word_1_172' title='bbox 236 2028 286 2088; x_wconf 75' lang='grc' dir='ltr'>οὐκ</span> <span class='ocrx_word' id='word_1_173' title='bbox 303 2028 396 2105; x_wconf 73' lang='grc' dir='ltr'>ὁμοῖοι</span> <span class='ocrx_word' id='word_1_174' title='bbox 411 2032 488 2088; x_wconf 87' lang='grc' dir='ltr'>τοῖσι</span> <span class='ocrx_word' id='word_1_175' title='bbox 506 2029 655 2086; x_wconf 83' lang='grc' dir='ltr'>ἐναντίοισι</span> <span class='ocrx_word' id='word_1_176' title='bbox 673 2030 788 2104; x_wconf 86' lang='grc' dir='ltr'>σοφίην·</span> <span class='ocrx_word' id='word_1_177' title='bbox 809 2055 876 2105; x_wconf 87' lang='grc' dir='ltr'>προ-</span> 
     </span>
     <span class='ocr_line' id='line_1_25' title="bbox 75 2115 877 2186; baseline 0.002 -12"><span class='ocrx_word' id='word_1_178' title='bbox 75 2117 253 2186; x_wconf 77' lang='grc' dir='ltr'>εξαΐσσοντες</span> <span class='ocrx_word' id='word_1_179' title='bbox 273 2117 304 2175; x_wconf 82' lang='grc' dir='ltr'>δὲ</span> <span class='ocrx_word' id='word_1_180' title='bbox 324 2115 384 2176; x_wconf 78' lang='grc' dir='ltr'>κατ’</span> <span class='ocrx_word' id='word_1_181' title='bbox 405 2116 460 2186; x_wconf 79' lang='grc' dir='ltr'>ἕνα,</span> <span class='ocrx_word' id='word_1_182' title='bbox 482 2117 528 2174; x_wconf 82' lang='grc' dir='ltr'>καὶ</span> <span class='ocrx_word' id='word_1_183' title='bbox 548 2115 622 2184; x_wconf 85' lang='grc' dir='ltr'>δέκα,</span> <span class='ocrx_word' id='word_1_184' title='bbox 644 2115 690 2173; x_wconf 84' lang='grc' dir='ltr'>καὶ</span> <span class='ocrx_word' id='word_1_185' title='bbox 710 2117 827 2179; x_wconf 82' lang='grc' dir='ltr'>πλεῦνές</span> <span class='ocrx_word' id='word_1_186' title='bbox 846 2143 877 2178; x_wconf 91' lang='grc' dir='ltr'>τε</span> 
     </span>
     <span class='ocr_line' id='line_1_26' title="bbox 74 2204 936 2282; baseline 0.002 -19"><span class='ocrx_word' id='word_1_187' title='bbox 74 2205 120 2263; x_wconf 86' lang='grc' dir='ltr'>καὶ</span> <span class='ocrx_word' id='word_1_188' title='bbox 147 2205 302 2269; x_wconf 87' lang='grc' dir='ltr'>ἐλάσσονες</span> <span class='ocrx_word' id='word_1_189' title='bbox 326 2204 561 2282; x_wconf 88' lang='grc' dir='ltr'>συστρεφόμενοι,</span> <span class='ocrx_word' id='word_1_190' title='bbox 585 2204 737 2264; x_wconf 89' lang='grc' dir='ltr'>ἐσέπιπτον</span> <span class='ocrx_word' id='word_1_191' title='bbox 760 2209 787 2268; x_wconf 85' lang='grc' dir='ltr'>ἐς</span> <span class='ocrx_word' id='word_1_192' title='bbox 812 2205 877 2271; x_wconf 78' lang='grc' dir='ltr'>τοῦς</span> <span class='ocrx_word' id='word_1_193' title='bbox 935 2223 936 2226; x_wconf 78' lang='grc'>’</span> 
     </span>
     <span class='ocr_line' id='line_1_27' title="bbox 75 2292 923 2375; baseline 0.002 -23"><span class='ocrx_word' id='word_1_194' title='bbox 75 2295 258 2371; x_wconf 75' lang='grc' dir='ltr'>Σπαρτιήτας,</span> <span class='ocrx_word' id='word_1_195' title='bbox 270 2295 317 2353; x_wconf 80' lang='grc' dir='ltr'>καὶ</span> <span class='ocrx_word' id='word_1_196' title='bbox 327 2293 527 2369; x_wconf 86' lang='grc' dir='ltr'>διεφθείροντο.</span> <span class='ocrx_word' id='word_1_197' title='bbox 557 2296 599 2371; x_wconf 83' lang='grc' dir='ltr'>Τῇ</span> <span class='ocrx_word' id='word_1_198' title='bbox 609 2292 639 2351; x_wconf 82' lang='grc' dir='ltr'>δὲ</span> <span class='ocrx_word' id='word_1_199' title='bbox 650 2292 784 2375; x_wconf 76' lang='grc' dir='ltr'>ἐτύγχανε</span> <span class='ocrx_word' id='word_1_200' title='bbox 794 2293 876 2359; x_wconf 73' lang='grc' dir='ltr'>οὗτός</span> <span class='ocrx_word' id='word_1_201' title='bbox 886 2298 923 2354; x_wconf 82' lang='grc'>63</span> 
     </span>
     <span class='ocr_line' id='line_1_28' title="bbox 74 2379 876 2460; baseline 0.005 -20"><span class='ocrx_word' id='word_1_202' title='bbox 74 2381 126 2441; x_wconf 81' lang='grc' dir='ltr'>ἐών</span> <span class='ocrx_word' id='word_1_203' title='bbox 152 2383 319 2459; x_wconf 89' lang='grc' dir='ltr'>Μαρδόνιος,</span> <span class='ocrx_word' id='word_1_204' title='bbox 344 2379 391 2441; x_wconf 83' lang='grc' dir='ltr'>α’π’</span> <span class='ocrx_word' id='word_1_205' title='bbox 422 2383 508 2441; x_wconf 80' lang='grc' dir='ltr'>ἵππου</span> <span class='ocrx_word' id='word_1_206' title='bbox 535 2409 565 2443; x_wconf 80' lang='grc' dir='ltr'>τε</span> <span class='ocrx_word' id='word_1_207' title='bbox 591 2380 750 2460; x_wconf 90' lang='grc' dir='ltr'>μαχόμενος</span> <span class='ocrx_word' id='word_1_208' title='bbox 775 2385 876 2444; x_wconf 79' lang='grc' dir='ltr'>λευκοῦ</span> 
     </span>
     <span class='ocr_line' id='line_1_29' title="bbox 75 2469 874 2549; baseline 0.008 -23"><span class='ocrx_word' id='word_1_209' title='bbox 75 2470 144 2547; x_wconf 85' lang='grc' dir='ltr'>ἔχων</span> <span class='ocrx_word' id='word_1_210' title='bbox 156 2496 188 2529; x_wconf 90' lang='grc' dir='ltr'>τε</span> <span class='ocrx_word' id='word_1_211' title='bbox 200 2471 264 2546; x_wconf 88' lang='grc' dir='ltr'>περὶ</span> <span class='ocrx_word' id='word_1_212' title='bbox 276 2469 375 2529; x_wconf 81' lang='grc' dir='ltr'>ἑωυτόν</span> <span class='ocrx_word' id='word_1_213' title='bbox 388 2470 512 2549; x_wconf 86' lang='grc' dir='ltr'>λογάδας</span> <span class='ocrx_word' id='word_1_214' title='bbox 521 2469 655 2546; x_wconf 85' lang='grc' dir='ltr'>Περσέων</span> <span class='ocrx_word' id='word_1_215' title='bbox 667 2471 732 2534; x_wconf 74' lang='grc' dir='ltr'>τούς</span> <span class='ocrx_word' id='word_1_216' title='bbox 745 2471 874 2548; x_wconf 87' lang='grc' dir='ltr'>α’ρίστους</span> 
     </span>
     <span class='ocr_line' id='line_1_30' title="bbox 69 2555 874 2634; baseline 0.009 -22"><span class='ocrx_word' id='word_1_217' title='bbox 69 2557 191 2632; x_wconf 87' lang='grc' dir='ltr'>χιλίους,</span> <span class='ocrx_word' id='word_1_218' title='bbox 212 2555 300 2634; x_wconf 83' lang='grc' dir='ltr'>ταύτῃ</span> <span class='ocrx_word' id='word_1_219' title='bbox 318 2557 348 2614; x_wconf 84' lang='grc' dir='ltr'>δὲ</span> <span class='ocrx_word' id='word_1_220' title='bbox 367 2557 413 2614; x_wconf 84' lang='grc' dir='ltr'>καὶ</span> <span class='ocrx_word' id='word_1_221' title='bbox 429 2556 558 2632; x_wconf 88' lang='grc' dir='ltr'>μάλιστα</span> <span class='ocrx_word' id='word_1_222' title='bbox 575 2557 639 2620; x_wconf 71' lang='grc' dir='ltr'>τούς</span> <span class='ocrx_word' id='word_1_223' title='bbox 661 2560 798 2622; x_wconf 86' lang='grc' dir='ltr'>ἐναντίους</span> <span class='ocrx_word' id='word_1_224' title='bbox 819 2562 874 2619; x_wconf 84' lang='grc' dir='ltr'>ἐπί-</span> 
     </span>
     <span class='ocr_line' id='line_1_31' title="bbox 74 2641 874 2725; baseline 0.008 -25"><span class='ocrx_word' id='word_1_225' title='bbox 74 2668 150 2702; x_wconf 83' lang='grc' dir='ltr'>εσαν.</span> <span class='ocrx_word' id='word_1_226' title='bbox 182 2643 253 2702; x_wconf 86' lang='grc' dir='ltr'>ὅσον</span> <span class='ocrx_word' id='word_1_227' title='bbox 264 2644 317 2718; x_wconf 87' lang='grc' dir='ltr'>μέν</span> <span class='ocrx_word' id='word_1_228' title='bbox 329 2669 377 2703; x_wconf 88' lang='grc' dir='ltr'>νυν</span> <span class='ocrx_word' id='word_1_229' title='bbox 392 2643 495 2721; x_wconf 82' lang='grc' dir='ltr'>χρόνον</span> <span class='ocrx_word' id='word_1_230' title='bbox 509 2641 667 2722; x_wconf 84' lang='grc' dir='ltr'>Μαρδόνιος</span> <span class='ocrx_word' id='word_1_231' title='bbox 684 2651 791 2725; x_wconf 86' lang='grc' dir='ltr'>περιῆν,</span> <span class='ocrx_word' id='word_1_232' title='bbox 806 2650 833 2706; x_wconf 75' lang='grc' dir='ltr'>αἱ</span> <span class='ocrx_word' id='word_1_233' title='bbox 845 2648 874 2706; x_wconf 73' lang='grc' dir='ltr'>δὲ</span> 
     </span>
     <span class='ocr_line' id='line_1_32' title="bbox 73 2729 876 2810; baseline 0.006 -20"><span class='ocrx_word' id='word_1_234' title='bbox 73 2732 201 2810; x_wconf 80' lang='grc' dir='ltr'>ἀντεῖχον</span> <span class='ocrx_word' id='word_1_235' title='bbox 222 2730 269 2789; x_wconf 84' lang='grc' dir='ltr'>καὶ</span> <span class='ocrx_word' id='word_1_236' title='bbox 289 2729 456 2807; x_wconf 79' lang='grc' dir='ltr'>ἀμυνόμενοι</span> <span class='ocrx_word' id='word_1_237' title='bbox 476 2733 656 2807; x_wconf 89' lang='grc' dir='ltr'>κατέβαλλον</span> <span class='ocrx_word' id='word_1_238' title='bbox 675 2736 801 2798; x_wconf 68' lang='grc' dir='ltr'>πολλοὺς</span> <span class='ocrx_word' id='word_1_239' title='bbox 820 2739 876 2795; x_wconf 76' lang='grc' dir='ltr'>τῶν</span> 
     </span>
     <span class='ocr_line' id='line_1_33' title="bbox 72 2812 874 2896; baseline 0.004 -18"><span class='ocrx_word' id='word_1_240' title='bbox 72 2819 307 2896; x_wconf 84' lang='grc' dir='ltr'>Λακεδαιμονίων·</span> <span class='ocrx_word' id='word_1_241' title='bbox 332 2812 371 2882; x_wconf 83' lang='grc' dir='ltr'>Ιώς</span> <span class='ocrx_word' id='word_1_242' title='bbox 391 2818 421 2878; x_wconf 85' lang='grc' dir='ltr'>δέ</span> <span class='ocrx_word' id='word_1_243' title='bbox 441 2819 599 2896; x_wconf 89' lang='grc' dir='ltr'>Μαρδόνιος</span> <span class='ocrx_word' id='word_1_244' title='bbox 623 2821 751 2892; x_wconf 77' lang='grc' dir='ltr'>ἀπέθανε,</span> <span class='ocrx_word' id='word_1_245' title='bbox 773 2821 818 2879; x_wconf 82' lang='grc' dir='ltr'>καὶ</span> <span class='ocrx_word' id='word_1_246' title='bbox 841 2821 874 2881; x_wconf 78' lang='grc' dir='ltr'>τὰ</span> 
     </span>
     <span class='ocr_line' id='line_1_34' title="bbox 72 2906 873 2988; baseline 0 -22"><span class='ocrx_word' id='word_1_247' title='bbox 72 2908 136 2986; x_wconf 83' lang='grc' dir='ltr'>περὶ</span> <span class='ocrx_word' id='word_1_248' title='bbox 163 2911 267 2968; x_wconf 84' lang='grc' dir='ltr'>ἐκεῖνον</span> <span class='ocrx_word' id='word_1_249' title='bbox 291 2908 468 2988; x_wconf 88' lang='grc' dir='ltr'>τεταγμένον,</span> <span class='ocrx_word' id='word_1_250' title='bbox 493 2906 538 2967; x_wconf 83' lang='grc' dir='ltr'>ἐόν</span> <span class='ocrx_word' id='word_1_251' title='bbox 562 2908 754 2987; x_wconf 84' lang='grc' dir='ltr'>ἰσχυρότατον,</span> <span class='ocrx_word' id='word_1_252' title='bbox 782 2907 873 2982; x_wconf 85' lang='grc' dir='ltr'>ἔπεσε,</span> 
     </span>
     <span class='ocr_line' id='line_1_35' title="bbox 73 2994 874 3071; baseline 0.002 -19"><span class='ocrx_word' id='word_1_253' title='bbox 73 2994 144 3055; x_wconf 74' lang='grc' dir='ltr'>οὕτω</span> <span class='ocrx_word' id='word_1_254' title='bbox 157 2997 192 3071; x_wconf 82' lang='grc' dir='ltr'>δή</span> <span class='ocrx_word' id='word_1_255' title='bbox 205 2997 252 3054; x_wconf 83' lang='grc' dir='ltr'>καὶ</span> <span class='ocrx_word' id='word_1_256' title='bbox 266 2998 293 3055; x_wconf 80' lang='grc' dir='ltr'>οἱ</span> <span class='ocrx_word' id='word_1_257' title='bbox 306 2995 393 3054; x_wconf 71' lang='grc' dir='ltr'>ἄλλοι</span> <span class='ocrx_word' id='word_1_258' title='bbox 412 2994 563 3071; x_wconf 89' lang='grc' dir='ltr'>ἐτράποντο</span> <span class='ocrx_word' id='word_1_259' title='bbox 583 2997 629 3054; x_wconf 87' lang='grc' dir='ltr'>καὶ</span> <span class='ocrx_word' id='word_1_260' title='bbox 643 2996 718 3064; x_wconf 79' lang='grc' dir='ltr'>εἶξαν</span> <span class='ocrx_word' id='word_1_261' title='bbox 731 2998 808 3053; x_wconf 87' lang='grc' dir='ltr'>τοῖσι</span> <span class='ocrx_word' id='word_1_262' title='bbox 817 3000 874 3054; x_wconf 77' lang='grc' dir='ltr'>Λα·</span> 
     </span>
     <span class='ocr_line' id='line_1_36' title="bbox 73 3082 886 3162; baseline 0.002 -23"><span class='ocrx_word' id='word_1_263' title='bbox 73 3082 283 3157; x_wconf 87' lang='grc' dir='ltr'>κεδαιμονίοισι·</span> <span class='ocrx_word' id='word_1_264' title='bbox 296 3086 435 3142; x_wconf 84' lang='grc' dir='ltr'>πλεῖστον</span> <span class='ocrx_word' id='word_1_265' title='bbox 444 3082 499 3162; x_wconf 87' lang='grc' dir='ltr'>γάρ</span> <span class='ocrx_word' id='word_1_266' title='bbox 510 3090 602 3160; x_wconf 87' lang='grc' dir='ltr'>σφεας</span> <span class='ocrx_word' id='word_1_267' title='bbox 612 3083 741 3156; x_wconf 82' lang='grc' dir='ltr'>ἐδηλέετο</span> <span class='ocrx_word' id='word_1_268' title='bbox 749 3107 773 3154; x_wconf 77' lang='grc' dir='ltr'>η</span> <span class='ocrx_word' id='word_1_269' title='bbox 780 3083 886 3152; x_wconf 36' lang='lat' dir='ltr'>ciffi&amp;</span> 
     </span>
     <span class='ocr_line' id='line_1_37' title="bbox 72 3166 911 3254; baseline 0 -25"><span class='ocrx_word' id='word_1_270' title='bbox 72 3172 174 3243; x_wconf 80' lang='grc' dir='ltr'>έρῆμος</span> <span class='ocrx_word' id='word_1_271' title='bbox 186 3175 274 3230; x_wconf 72' lang='grc' dir='ltr'>ἐοῦσα</span> <span class='ocrx_word' id='word_1_272' title='bbox 287 3169 396 3232; x_wconf 85' lang='grc' dir='ltr'>ὅπλων·</span> <span class='ocrx_word' id='word_1_273' title='bbox 417 3169 491 3250; x_wconf 77' lang='grc' dir='ltr'>πρὸς</span> <span class='ocrx_word' id='word_1_274' title='bbox 504 3173 564 3254; x_wconf 69' lang='grc' dir='ltr'>γὰρ</span> <span class='ocrx_word' id='word_1_275' title='bbox 578 3170 705 3230; x_wconf 50' lang='lat' dir='ltr'>&amp;Nam</span> <span class='ocrx_word' id='word_1_276' title='bbox 722 3166 826 3223; x_wconf 56' lang='grc' dir='ltr'>ζέοντες</span> <span class='ocrx_word' id='word_1_277' title='bbox 833 3183 911 3234; x_wconf 57' lang='lat' dir='ltr'>“W</span> 
     </span>
    </p>
   </div>
   <div class='ocr_carea' id='block_1_4' title="bbox 61 3234 963 3336">
    <p class='ocr_par' dir='ltr' id='par_1_5' title="bbox 61 3234 963 3336">
     <span class='ocr_line' id='line_1_38' title="bbox 61 3234 963 3336; baseline -0.025 -6"><span class='ocrx_word' id='word_1_278' title='bbox 61 3258 143 3330; x_wconf 50' lang='lat'>¹7⁶⁷&amp;</span> <span class='ocrx_word' id='word_1_279' title='bbox 165 3255 264 3336; x_wconf 73' lang='grc' dir='ltr'>οἶγῶνα</span> <span class='ocrx_word' id='word_1_280' title='bbox 289 3263 459 3334; x_wconf 73' lang='grc' dir='ltr'>ἐποιεῦντο.</span> <span class='ocrx_word' id='word_1_281' title='bbox 496 3259 659 3321; x_wconf 70' lang='grc' dir='ltr'>’Πνθαῖιτα</span> <span class='ocrx_word' id='word_1_282' title='bbox 690 3253 773 3327; x_wconf 69' lang='grc' dir='ltr'>ἦτε</span> <span class='ocrx_word' id='word_1_283' title='bbox 785 3245 869 3309; x_wconf 47' lang='grc' dir='ltr'>λῖψῆ</span> <span class='ocrx_word' id='word_1_284' title='bbox 883 3234 963 3291; x_wconf 44' lang='lat' dir='ltr'>m&amp;</span> 
     </span>
    </p>
   </div>
   <div class='ocr_carea' id='block_1_5' title="bbox 0 0 1016 3450">
    <p class='ocr_par' dir='ltr' id='par_1_6' title="bbox 0 0 1016 3450">
     <span class='ocr_line' id='line_1_39' title="bbox 0 0 1016 3450; baseline 0 2"><span class='ocrx_word' id='word_1_285' title='bbox 0 0 1016 3450; x_wconf 95' lang='lat' dir='ltr'> </span> 
     </span>
    </p>
   </div>
  </div>
 </body>
</html>
