2024 3450
120 117 168 168 τοι
424 111 606 161 Ἧνοαοτου
857 113 921 178 [IX.

80 189 319 255 112ἀποίλεσας.”
358 187 408 251 Ἐν
421 188 451 247 δέ
463 187 550 267 τούτῳ
567 192 606 266 τῷ
618 188 663 248 διὰ
675 192 767 266 μέσου
785 189 878 270 χρόνῳ
895 197 923 252 ἐν

125 286 163 358 τῷ
189 278 294 354 Ξέρξης
319 281 358 356 τῷ
384 275 514 354 ἀδελφεῷ
544 276 691 356 διελέγετο,
725 277 743 352 ή
765 274 925 356 Ἄμηστρις

124 368 364 445 μεταπεμψαμένη
376 365 440 429 τοῦς
454 362 625 441 δορυφόρους
637 368 687 423 τοῦ
701 365 818 440 Ξέρξεω,
833 366 925 426 διαλυ-

125 455 253 533 μαίνεται
264 453 316 530 τήν
328 458 445 533 γυναῖκα
457 452 509 528 τήν
519 452 684 512 Μασίστεω·
701 452 768 516 τούς
780 480 811 514 τε
823 455 927 531 μαζούς

127 541 313 619 ἀποταμοῦσα
331 541 396 600 κυσὶ
413 540 567 617 προέβαλε,
584 540 629 598 καὶ
648 543 721 617 ῥῖνα,
736 542 783 600 καὶ
801 541 866 611 ὦτα,
880 544 927 601 καὶ

127 632 234 710 χείλεα·
254 630 301 689 καὶ
317 632 455 710 γλῶσσαν
473 631 641 704 ἐκταμοῦσα,
657 633 685 691 ἐς
701 628 778 688 οἶκόν
790 655 840 706 μιν
857 629 926 689 α’πο-

81 722 138 779 113
148 719 252 796 πέμπει
267 716 535 793 διαλελυμασμένην.
577 713 612 774 ‘0
629 715 659 774 δὲ
676 716 831 793 Μασίστης
848 716 927 778 οὐδέν

128 833 166 866 κω
179 806 303 882 ἀκηκοώς
315 803 426 879 τούτων,
441 803 594 880 ἐλπόμενος
607 802 638 863 δε
655 803 686 863 τί
700 807 727 862 οἱ
744 804 830 865 κακόν
848 805 926 876 εἶναι,

130 895 260 954 ἐσπίπτει
279 892 373 971 δρόμῳ
393 896 421 955 ἐς
436 891 472 953 τά
489 891 572 950 οἰκία·
593 890 656 951 ἰδών
672 891 703 950 δέ
722 892 927 970 διεφθαρμένην

127 983 179 1057 τήν
195 983 318 1060 γυναῖκα,
334 979 433 1039 αὐτίκα
447 980 518 1057 μετὰ
533 983 622 1039 ταῦτα
640 980 927 1059 συμβουλευσόμενος

127 1071 203 1128 τοῖσι
229 1068 320 1136 παισὶ,
348 1066 494 1143 ἐπορεύετο
521 1071 549 1131 ἐς
575 1066 689 1144 Βάκτρα
716 1067 769 1127 σόν
794 1094 826 1129 τε
852 1073 927 1130 τοῖσι

129 1158 228 1215 ἑωυτοῦ
241 1157 327 1214 υἱοῖσι
341 1155 387 1213 καὶ
402 1155 437 1230 δή
455 1155 504 1213 κοιί
522 1179 582 1214 τισι
599 1154 645 1214 καὶ
660 1154 787 1226 ἀλλοισι,
807 1155 844 1220 οἷς
860 1157 928 1216 α’πο·

131 1242 245 1320 στήσων
268 1242 355 1319 νομδν
376 1241 427 1302 τόν
446 1241 593 1323 Βάκτριον,
618 1243 664 1327 καὶ
686 1243 814 1320 ποιήσων
828 1244 864 1304 τὰ
881 1247 928 1322 μέ-

127 1339 214 1413 γιστα
241 1334 332 1391 κακῶν
356 1329 608 1407 βασιλέαντάπερ
628 1327 663 1390 ἂν
682 1331 728 1389 καὶ
755 1332 873 1412 ἐγένετο,
895 1331 929 1396 ἀς

132 1420 194 1496 ἐμοὶ
206 1421 318 1491 δοκέειν,
338 1421 414 1497 εἴπερ
431 1420 504 1495 ἔφθη
523 1418 632 1495 ἀναβὰς
650 1423 678 1481 ἐς
695 1419 760 1482 τούς
776 1420 930 1497 Βακτρίους

130 1508 175 1566 καὶ
195 1507 259 1570 τοῦς
280 1508 382 1572 Σάκας·
404 1507 450 1565 καὶ
469 1506 524 1587 γὰρ
545 1504 677 1586 ἔστεργόν
696 1507 729 1566 τέ
748 1533 805 1583 μιν,
829 1508 875 1566 καὶ
895 1508 930 1584 ἧν

129 1595 255 1674 ὕπαρχος
266 1599 322 1655 τῶν
332 1594 483 1670 Βακτρίων
498 1593 575 1652 ἀλλά
588 1592 642 1674 γάρ
657 1595 763 1670 Ξέρξης
774 1594 930 1671 πυθόμενος

129 1686 216 1743 ταῦτα
233 1687 340 1743 Ιἐκεῖνον
358 1681 534 1758 πρήσσοντα,
548 1682 661 1758 πέμψας
679 1679 722 1738 ἐπ’
742 1681 826 1741 αὐτόν
844 1707 930 1759 στρα-

129 1769 200 1844 τιήν,
215 1773 244 1828 ἐν
256 1773 292 1847 τῇ
305 1769 359 1849 ὁδῷ
377 1770 531 1829 κατέκτεινε
545 1766 628 1827 αὐτόν
640 1794 672 1827 τε
686 1772 789 1827 ἐκεῖνον
807 1768 854 1826 καὶ
866 1768 930 1831 τούς

130 1855 231 1917 παῖδας
252 1855 336 1916 αὐτοῦ
354 1858 400 1915 καὶ
418 1857 469 1932 τήν
487 1854 623 1933 στρατιήν
638 1854 690 1930 τήν
706 1856 817 1915 ἐκείνου.
861 1855 931 1917 καταῖ

130 1944 182 2020 μέν
194 1942 244 2004 τάν
258 1943 344 2020 ἔρωτα
358 1941 409 2004 τόν
427 1943 534 2020 Ξέρξεω
553 1943 598 2002 καὶ
615 1941 665 2003 τᾶν
678 1942 835 2002 Μασίστεω
849 1942 932 2005 θάνα·

130 2058 180 2092 τον
192 2035 317 2092 τοσαῦτα
330 2032 447 2112 ἐγένετο.

86 2121 144 2178 114
186 2123 223 2179 Οἱ
236 2120 266 2180 δὲ
279 2125 309 2178 ἐκ
323 2119 462 2195 Μυκάλης
479 2118 648 2196 ὁρμηθέντες
658 2117 798 2195 Ἕλληνες
811 2117 855 2178 ἐπ’
866 2118 932 2177 Ἑλ-

132 2206 295 2282 λησπόντου
315 2211 424 2282 πρῶτον
444 2209 496 2282 μὲν
517 2206 582 2282 περὶ
608 2206 715 2266 Λεκτόν
741 2205 851 2283 ὅρμεον,
875 2205 933 2266 dno*

132 2292 240 2367 ἀνέμων
266 2292 509 2368 ἀπολαμφθέντες·
540 2294 665 2354 ἐνθεῦτεν
692 2294 722 2353 δέ
744 2292 878 2354 ἀπίκοντο
906 2299 935 2358 ἐς

127 2377 263 2456 Ἄβυδον,
284 2378 330 2436 καὶ
347 2378 397 2442 ταὶς
418 2379 543 2459 γεφύρας
563 2378 642 2458 εὗρον
663 2381 864 2458 διαλελυμένας
882 2381 935 2446 τάς

133 2463 242 2524 ἐδόκεον
264 2463 392 2542 εὑρήσειν
414 2467 454 2525 ἐτι
476 2469 663 2543 ἐντεταμένας·
694 2468 863 2529 καὶτούτων
883 2469 936 2529 οὐκ

132 2551 236 2629 ἥκιστα
249 2552 350 2613 εἵνεκεν
362 2558 391 2619 ἐς
402 2553 452 2615 τόν
461 2553 678 2632 Ἑλλήσποντον
687 2553 829 2617 ἀπίκοντο.
856 2561 936 2617 τοῖσι

132 2640 185 2717 μέν
205 2666 253 2700 νυν
276 2640 352 2718 ἀμφὶ
374 2643 545 2723 Λευτυχίδεα
570 2646 830 2722 Πελοποννησίοισι
858 2644 936 2716 ἔδοξε

133 2727 286 2790 ἀποπλέειν
302 2734 330 2793 ἐς
345 2730 398 2806 τήν
409 2730 546 2797 Ἑλλάδα·
566 2730 742 2810 Ἀθηναίοισι
760 2732 791 2792 δέ
802 2732 850 2792 καὶ
863 2734 936 2796 Ξαν-

135 2816 227 2896 θίππῳ
244 2821 283 2896 τῷ
299 2823 450 2900 στρατηγῷ
467 2819 551 2880 αὐτοῦ
568 2819 770 2896 ὑπομείναντας
781 2822 937 2898 πειρᾶσθαι

135 2907 186 2980 τῆς
199 2905 394 2982 Χερσονήσου.
429 2909 517 2983 οἱμὲν
527 2907 561 2983 δή
574 2907 727 2969 ἀπέπλεον·
740 2908 885 2984 Ἀθηναῖοι
897 2909 937 2981 δὲ,

130 2994 164 3052 ἐκ
170 2995 223 3071 τῆς
231 2991 355 3073 Ἀβύδου
364 2993 512 3071 διαβάντες
522 2999 550 3059 ἐς
558 2994 611 3071 τήν
620 2996 813 3075 Χερσόνησον,
822 2996 939 3072 Σηστόν

71 3074 346 3166 ΙῙό-ἐπολιόρκεον.
379 3083 431 3149 ’Es
443 3083 475 3144 δὲ
486 3080 539 3160 τήν
550 3083 665 3159 Σηστὸν
677 3084 789 3160 ταίιτηυ,
797 3083 834 3144 οἷς
844 3083 939 3150 ἐόντος

112 3172 324 3255 ἰσχυροτάτω
332 3177 447 3261 τείχεος
454 3177 514 3237 τῶν
521 3164 958 3248 ταυτῃςσννῆλθῦλιῶδλκωῦω

104 3269 256 3342 παρεῖναι
275 3267 527 3344 τοὺςεΕχχηνας
546 3266 576 3324 ξς
592 3247 940 3321 τὸν“Βιλλήσπυυτον,λκ
949 3268 986 3300 τε
