2024 3450
82 113 149 178 ιη]
381 109 569 161 κκλΛιοΠΗ.
830 117 878 163 283

82 194 191 262 ποίεον,
213 191 230 250 ὅ
249 190 279 250 δέ
298 188 381 249 ἐπιών
403 189 449 247 καὶ
470 188 503 264 δή
524 194 552 249 ἐν
571 191 608 268 τῇ
626 190 746 270 Βοιωτίῃ
764 192 877 273 ἐλέγετο

76 281 152 349 εἶναι,
171 279 241 339 οῦτοι
264 277 297 352 δή
316 275 556 351 ῦπεξεκομίσαντό
575 302 606 337 τε
623 277 714 337 πάντα
733 280 779 337 καὶ
798 280 876 340 αῦτοὶ

75 369 212 444 διέβησαν
226 370 254 429 ἐς
272 367 430 439 Σαλαμῖνα·
453 367 480 426 ἐς
493 363 687 439 Λακεδαίμονά
703 391 734 425 τε
753 367 876 444 ἔπεμπον

74 456 220 536 ἀγγέλους,
235 453 294 530 ἅμα
310 454 361 528 μὲν
377 451 573 529 μεμψομένους
589 454 666 511 τοῖσι
678 453 875 531 Λακεδαιμονί·
936 509 937 512 ,

74 568 131 600 οισι
151 541 194 602 ὅτι
212 541 350 618 περιεῖδον
367 537 532 615 ἐμβαλόντα
547 537 597 599 τόν
609 537 760 615 βόρβορον
781 546 808 604 ἐς
823 541 875 618 τήν

73 627 209 704 Ἀττικήν,
239 619 304 686 ἀλλ’
333 627 365 686 οῦ
392 625 463 702 μετοί
488 632 585 701 σφεων
609 624 745 702 η’ντίασαν
772 632 800 690 ἐς
824 629 876 703 τήν

73 718 215 790 Βοιωτίην,
231 715 290 792 ἅμα
309 715 338 774 δὲ
356 709 571 789 ῦπομνήσοντας
589 712 645 772 ὅσα
662 719 719 788 σφι
735 711 875 792 ῦπέσχετο

72 801 218 878 όΠέροης
234 803 436 878 μεταβαλοῦσι
455 799 564 860 δώσειν·
585 800 720 878 προεῖπαί
736 827 775 871 τε,
792 799 835 860 ὅτι
852 806 876 862 εἰ

70 888 111 964 μή
125 888 261 966 ἀμυνεῦσι
274 888 465 963 Ἀθηναίοισι,
473 887 509 952 ώς
523 888 569 947 καὶ
582 888 664 947 αῦτοί
674 914 736 948 τινα
749 887 876 966 ἀλεωρήν

72 975 245 1052 εῦρήσονται.
289 980 316 1036 οἷ
335 976 390 1057 γάρ
413 976 447 1053 δή
474 976 689 1054 Λακεδαιμόνιοι
707 975 824 1054 ὅρταζόν
843 1003 874 1037 τε

71 1069 169 1125 τοῦτον
195 1065 246 1126 τάν
272 1065 374 1145 χρόνον
401 1065 451 1124 καί
474 1072 531 1141 σφι
556 1064 591 1141 ἦν
616 1064 768 1125 Ὑακίνθια·
809 1066 873 1143 περὶ

70 1154 208 1214 πλείστου
223 1153 246 1213 δ’
259 1153 329 1236 ἦγον
341 1154 377 1213 τά
393 1157 444 1214 τοῦ
462 1154 528 1214 θεοῦ
546 1153 705 1231 πορσύνειν·
726 1153 785 1230 ἅμα
798 1153 828 1212 δὲ
840 1154 873 1214 τό

69 1242 161 1319 τεῖχός
175 1249 230 1318 σφι
243 1243 277 1303 τό
291 1248 319 1303 ἐν
332 1247 370 1321 τῷ
381 1240 488 1320 Ἰσθμῷ
504 1242 634 1321 ἐτείχεον
655 1241 701 1299 καὶ
717 1239 771 1316 ήδη
785 1240 871 1300 ἐπώλ-

71 1328 125 1396 ξεις
138 1329 292 1405 ἐλάμβανε.

110 1416 158 1477 Ὠς
173 1417 203 1473 δὲ
222 1416 355 1476 ἀπίκοντο
376 1421 404 1478 ἐς
423 1408 477 1491 τήν
492 1415 687 1491 Λακεδαίμονα
708 1417 735 1474 οῖ
755 1414 897 1496 ἄγγελοιῖ

70 1505 97 1560 οἱ
123 1501 170 1560 ἀπ’
196 1501 349 1577 Ἀθηναίων
376 1501 436 1578 ἅμα
458 1498 590 1582 ἀγόμενοι
618 1502 646 1560 ἐκ
673 1528 704 1562 τε
731 1503 871 1583 Μεγάρων

69 1588 207 1669 ἀγγέλους
218 1591 266 1648 καὶ
280 1595 310 1648 ἐκ
324 1589 498 1658 Πλαταιέων,
513 1590 612 1668 ἔλεγον
627 1588 693 1648 τάδε
707 1589 870 1654 ἐπελθόντες

70 1677 115 1734 ἐπὶ
149 1677 213 1739 τοῦς
247 1676 374 1754 ἐφόρους·
417 1686 435 1711 “
444 1665 570 1753 ἔπεμψαν
603 1676 691 1753 ήμέας
717 1676 868 1754 Ἀθηναῖοι,

68 1765 197 1843 λέγοντες
211 1764 254 1824 ὅτι
267 1765 334 1841 ήμῖν
349 1763 489 1840 βασιλεῦς
501 1763 518 1823 ὁ
532 1764 644 1840 Μήδων,
658 1770 741 1827 τοῦτο
754 1767 806 1842 μὲν
818 1766 870 1843 τήν

67 1851 160 1928 χώρην
173 1851 309 1925 ἀποδιδοῖ,
324 1857 406 1911 τοῦτο
423 1853 453 1912 δὲ
471 1853 637 1932 συμμάχους
655 1855 745 1914 ἐθέλει
764 1853 806 1914 ἐπ’
819 1855 869 1934 ’ίσῃ

67 1965 96 1997 τε
111 1940 157 1997 καὶ
170 1940 253 2018 ὁμοίῃ
267 1939 452 2015 ποιήσασθαι,
468 1938 532 1999 ἀνευ
545 1966 576 1999 τε
589 1940 675 2000 δόλου
691 1942 737 2000 καὶ
750 1941 866 2018 ἀπάτης·

67 2027 158 2086 ἐθέλει
172 2029 261 2086 δὲκαὶ
279 2025 370 2103 ἄλλην
385 2026 479 2105 χώρην
497 2028 567 2104 πρός
581 2031 617 2106 τῇ
630 2027 751 2106 ήμετέρῃ
765 2028 868 2089 διδόναι

65 2116 116 2192 τήν
136 2114 171 2176 ἂν
190 2114 269 2177 αῦτοὶ
289 2115 424 2192 ἑλώμεθα,
442 2115 521 2193 ήμεῖς
541 2115 571 2174 δὲ
592 2117 649 2175 Δία
667 2141 699 2176 τε
718 2115 867 2191 Ἑλλήνιον

65 2204 238 2268 αἰδεσθέντες
251 2204 297 2262 καὶ
310 2203 362 2279 τήν
379 2202 506 2263 Ἑλλάδα
522 2203 611 2264 δεινόν
629 2203 786 2281 ποιεύμενοι
799 2230 866 2282 προ-

65 2290 167 2362 δοῦναι,
189 2291 222 2351 οῦ
240 2292 457 2374 καταινέσαμεν,
467 2289 545 2351 ἀλλά
563 2290 750 2370 ἀπειπάμεθα,
768 2294 865 2372 καίπερ

65 2377 242 2455 ἀδικεόμενοι·
265 2379 311 2439 ὑπ’
340 2379 485 2457 Ἑλλήνων
519 2381 565 2441 καὶ
595 2381 865 2460 καταπροδιδόμενοι,

66 2466 249 2543 ἐπιστάμενοί
265 2495 297 2528 τε
316 2469 360 2529 ὅτι
381 2468 601 2547 κερδαλεώτερόν
621 2475 683 2532 ἐστι
702 2469 866 2552 ὁμολογέειν

64 2555 103 2631 τῷ
127 2553 227 2631 Πέρσῃ
250 2559 363 2632 μᾶλλον
386 2556 458 2635 ήπερ
482 2558 640 2636 πολεμέειν·
672 2557 705 2619 οῦ
728 2562 780 2637 μὲν
804 2558 867 2618 οῦδὲ

65 2639 283 2721 ὁμολογήσομεν
296 2642 403 2708 ἑκόντες
417 2645 496 2706 εἶναι.
537 2648 584 2706 καὶ
602 2647 634 2708 τῦ
647 2649 699 2724 μέν
712 2647 759 2707 ἀπ’
773 2647 866 2725 ἡμέων

64 2726 135 2787 οῦτοι
159 2728 317 2806 ἀκίβδηλον
344 2732 389 2793 ε’δν
416 2733 528 2810 νέμεται
555 2734 601 2794 ἐπὶ
626 2735 691 2799 τοῦς
711 2735 864 2812 Ἕλληνας·

64 2814 141 2892 ῦμεῖς
161 2817 199 2887 δὲ,
221 2823 248 2882 ἐς
271 2822 369 2879 πᾶσαν
392 2819 527 2898 ἀρρωδίην
552 2822 617 2884 τότε
640 2822 805 2900 ἀπικόμενοι
823 2823 865 2899 μή

63 2902 287 2987 ὁμολογήσωμεν
314 2912 352 2987 τῷ
379 2910 488 2988 Πέρσῃ,
516 2913 578 2970 ἐπεί
601 2937 632 2971 τε
660 2911 806 2987 ἐξεμάθετε
831 2910 865 2972 τό

62 2991 197 3070 ἡμέτερον
210 2995 343 3073 φρόνημα
361 2999 482 3073 σαφέως,
497 2998 540 3059 ὅτι
558 2998 667 3076 οῦδαμοὶ
682 2996 865 3074 προδώσομεν

62 3079 116 3154 τήν
126 3081 261 3155 Ἑλλάδα,
277 3086 323 3144 καὶ
341 3086 411 3147 διότι
432 3091 523 3166 τεῖχος
536 3087 601 3164 ῦμῖν
620 3088 667 3145 διὰ
683 3089 733 3144 τοῦ
745 3084 870 3158 Ἰσθμοῦ

62 3169 246 3246 ἐλαυνόμενον
259 3178 290 3234 ἐν
304 3175 383 3247 τέλεΐ
403 3182 478 3248 ἐστι,
494 3176 542 3236 καλ
558 3175 597 3251 δὴ
610 3173 707 3253 λόγον
724 3170 832 3228 οῦλςέυα
840 3169 899 3220 ὢν

55 3253 208 3330 Ἀθηναίων
220 3264 372 3326 ποιέεσθε·
394 3265 582 3344 συνθέμενοί
593 3288 629 3324 τε
640 3259 717 3337 ἡμῖν
732 3249 931 3319 πδυῖὶψῳ
