2024 3450
127 103 175 151 ιω
432 94 616 145 ιιιοιουου
834 95 934 160 [νιιι.

128 176 293 239 ἀπελαύνειν
314 173 413 243 ὀπίσω,
435 173 595 250 Μαρδόνιον
615 174 653 244 δὲ,
677 177 701 234 εἰ
723 174 814 236 έθέλει
834 202 867 236 τε
884 181 937 241 καὶ

131 266 293 326 ύποδέκετοι
313 266 402 323 ταῦτα
423 261 560 338 ποιήσειν,
583 261 670 322 αὐτοῦ
691 266 857 325 καταλιπεῖν
879 267 937 328 σύν

128 359 205 415 τοῖσι
223 352 322 413 ε’θέλει·
349 355 433 410 τοῦτο
451 353 503 427 μὲν
520 351 585 431 γᾶρ,
601 348 635 426 ἢν
652 353 881 430 καταστρέψηται
896 357 937 416 τά

131 448 205 518 φησι
222 440 329 501 ε’θέλειν
342 439 391 497 καί
401 441 428 497 οἱ
441 438 611 517 προχωρήσῃ
624 439 660 498 τό
674 440 757 499 νοέων
775 441 863 521 λέγει,
879 443 937 504 σόν

129 531 162 591 τό
184 533 272 612 ἔργων’,
296 528 317 588 ὦ
339 527 471 598 δέσποτα,
493 529 606 608 γίνεται·
635 531 661 587 οἷ
684 527 739 609 γὰρ
763 529 812 589 σοὶ
834 529 936 593 δοῦλοι

129 619 347 702 κατεργάσαντο·
374 620 457 677 τοῦτο
479 615 516 686 δὲ,
538 615 573 692 ἢν
593 615 629 676 τὰ
650 618 759 676 ἐναντία
778 621 829 693 τῆς
851 625 936 698 Map-

132 707 223 768 δονίου
243 706 354 789 γνεύμης
374 708 494 788 γένηται,
517 704 630 782 οὐδεμία
656 703 791 781 συμφορή
818 708 936 788 μεγόλη

130 797 209 856 ἔσται
226 797 278 856 σέο
297 822 328 855 τε
341 794 498 871 περιεόντος
512 794 558 852 καὶ
571 795 680 852 ἐκείνων
692 797 747 853 τῶν
759 795 936 875 πρηγμάτων

131 886 195 961 περὶ
209 885 286 944 οἶκον
298 884 348 943 τόν
363 883 425 942 σόν·
446 881 481 958 ἢν
494 882 548 962 γὰρ
563 882 600 940 σύ
612 908 643 941 τε
657 885 753 960 περιῇς
767 882 813 940 καὶ
826 882 903 947 οἶκος
918 885 935 945 ό

130 973 189 1044 σός,
215 970 343 1032 πολλούς
371 970 509 1032 πολλάκις
535 969 642 1051 ἀγῶνας
670 970 834 1046 δραμέονται
867 973 936 1050 περὶ

129 1060 225 1133 σφέων
236 1059 324 1116 αὐτῶν
340 1057 522 1132 οἱἝλληνες·
540 1058 699 1134 Μαρδονίου
711 1058 749 1127 δὲ,
763 1056 798 1132 ήν
807 1083 835 1117 τι
844 1059 933 1139 πύθῃ,

130 1146 216 1227 λόγος
238 1145 324 1209 οὐδεὶς
345 1145 459 1225 γίνεται·
488 1144 552 1204 οὐδέ
566 1171 593 1203 τι
610 1149 735 1208 νικῶντες
751 1149 778 1204 οἱ
790 1143 934 1222 Ἕλληνες
956 1156 959 1161 ’

130 1238 236 1307 νικῶσι,
253 1234 354 1294 δοῦλον
374 1233 428 1294 σόν
448 1232 647 1298 ἀπολέσαντες·
668 1233 706 1292 σύ
720 1233 758 1301 δὲ,
772 1237 828 1292 τῶν
841 1234 935 1294 εἵνεκα

130 1321 180 1382 τόν
194 1323 300 1383 στόλον
315 1321 446 1398 ἐποιήσω,
461 1321 592 1398 πυρώσας
603 1322 654 1384 τός
666 1320 787 1396 Ἀθήνας
800 1319 935 1401 ἀπελᾷς.”

85 1411 141 1470 103
178 1410 278 1489 Ἦσθη
292 1437 322 1470 τε
336 1410 369 1486 δή
383 1415 418 1489 τῇ
429 1410 593 1488 συμβουλίη
603 1409 717 1485 Ξέρξης·
739 1410 865 1490 λέγουσα
877 1410 934 1491 γαρ

134 1499 303 1582 ἐπετύγχανε
321 1498 408 1576 τόπερ
426 1497 508 1561 αύτὸς
527 1496 608 1558 ε’νόεε·
631 1497 694 1557 ούδὲ
710 1497 773 1578 γὰρ,
791 1496 935 1562 εἰπόντες

132 1586 177 1644 καὶ
207 1592 299 1647 πᾶσαι
323 1586 529 1663 συνεβούλευον
553 1585 626 1665 αὐτῷ
652 1586 751 1662 μένειν,
786 1587 864 1661 ἔμενε
890 1584 933 1656 ἂν,

133 1673 236 1736 δοκέειν
253 1676 324 1752 ε’μοί·
347 1674 416 1735 οὕτω
434 1673 648 1751 καταρρωδήκεε·
671 1674 818 1757 ἐπαινέσας
836 1672 866 1731 δὲ
881 1673 935 1749 τήν

130 1759 320 1840 Ἀρτεμισίην,
334 1763 437 1838 ταύτην
452 1764 504 1838 μὲν
520 1761 694 1821 α’ποστέλλει
708 1760 833 1841 ἄγουσαν
847 1759 934 1820 αὐτοῦ

130 1848 195 1912 τούς
215 1851 315 1914 παῖδας
336 1855 363 1914 ἐς
378 1849 516 1925 Ἐφεσοιῖ·
540 1849 616 1910 νόθοι
634 1848 688 1930 γόρ
707 1875 777 1910 τινες
793 1846 890 1910 παῖδές
906 1851 934 1908 οἶ

58 1983 62 1990 .
85 1937 143 1995 104
152 1938 337 1999 συνέσποντο.
373 1938 536 2014 Συνέπεμπε
557 1939 586 1997 δὲ
605 1941 681 1996 τοῖσι
699 1936 781 1994 παισὶ
804 1934 934 2010 φύλακον

133 2023 311 2106 Ἑρμότιμον,
322 2028 402 2108 γένος
414 2028 466 2103 μὲν
480 2026 560 2086 ε’όντα
573 2025 718 2100 Πηδασέα,
734 2022 890 2100 φερόμενον
904 2024 935 2084 δὲ

132 2112 164 2171 οὐ
180 2114 216 2174 τό
233 2115 345 2192 δεύτερα
365 2118 420 2174 τῶν
440 2113 575 2192 εὐνούχων
593 2111 669 2188 παρὰ
684 2111 813 2189 βασιλέϊ.
856 2114 883 2170 οἱ
904 2111 935 2171 δὲ

132 2203 279 2277 Πηδασέες
293 2201 415 2262 οἰκέουσι
428 2201 497 2278 ύπὲρ
511 2201 747 2276 Ἀλικαρνησσοῦ·
770 2204 799 2260 ἓν
813 2199 843 2258 δὲ
856 2203 934 2260 τοῖσι

134 2289 298 2363 Πηδάσοισι
312 2288 439 2349 τούτοισι
457 2288 562 2348 τοιόνδε
577 2289 692 2364 φέρεται
709 2292 827 2369 πρῆγμα
839 2288 934 2369 γίνεσ-

135 2375 190 2434 θαι·
206 2375 289 2435 ἐτεόν
298 2379 375 2435 τοῖσι
389 2374 556 2451 όμφικτίοσι
566 2380 647 2445 πᾶσι,
659 2379 736 2435 τοῖσι
746 2376 821 2453 ἀμφὶ
830 2374 935 2452 ταύτης

131 2462 254 2521 οἰκέουσι
269 2467 320 2539 τῆς
338 2460 446 2531 πόλιος,
460 2461 554 2540 μέλλῃ
566 2489 594 2522 τι
609 2464 684 2526 ε’ντός
698 2464 801 2543 χρόνου
815 2465 934 2524 ἔσεσθαι

32 2624 34 2630 Α
131 2549 266 2627 χαλεπόν,
287 2549 351 2610 τότε
371 2549 390 2625 ή
412 2551 481 2627 ἱρείη
509 2549 607 2611 αὐτόθι
627 2556 678 2627 τῆς
697 2552 846 2627 Ἀθηναίης
867 2552 935 2627 φύει

85 2638 141 2700 105
151 2638 269 2718 πιύγωνα
287 2638 385 2719 μέγαν·
407 2641 489 2698 τοῦτο
503 2638 532 2698 δέ
546 2646 602 2715 σφι
616 2639 657 2702 δὶς
673 2639 725 2715 ήδη
741 2641 860 2720 ἐγένετο.
881 2638 934 2699 Ἐκ

129 2726 234 2789 τούτων
262 2724 296 2801 δή
322 2730 377 2785 τῶν
404 2724 561 2801 Πηδασέων
587 2727 603 2787 ὁ
628 2727 796 2804 Ἑρμότιμος
818 2727 863 2803 ἦν·
895 2732 936 2809 τῷ

130 2813 252 2895 μεγίστη
272 2815 346 2876 τίσις
365 2811 418 2890 ἤδη
439 2813 595 2891 ἀδικηθέντι
615 2815 724 2896 ἐγένετο
744 2815 854 2875 πόντων
877 2820 935 2877 τῶν

131 2902 211 2980 ἡμεῖς
231 2902 318 2979 ἴδμεν·
345 2899 451 2961 ἁλόντα
470 2901 526 2983 γὰρ
547 2900 631 2962 αύτδν
650 2900 706 2961 ύπό
726 2903 869 2978 πολεμίων
886 2906 935 2964 καὶ

72 2997 81 3035 -’
117 2991 304 3071 πωλεόμενον
324 2988 440 3055 ω’νέεται
459 2987 625 3060 Πανιώνιος,
646 2986 715 3064 ἀνήρ
732 2991 815 3055 Χῖος,
832 2987 864 3049 35
880 2992 935 3064 τήν

97 3077 174 3156 ζόην
181 3084 399 3167 κατεστήσατο
416 3082 465 3148 ἀπ’
482 3083 573 3168 ἔργων
589 3074 796 3139 ἀνοσιωτάτων·
809 3071 884 3172 ’ὅκως
894 3074 956 3172 ηδη

11 3206 16 3217 .
78 3168 238 3242 κτήσαιτο
248 3179 363 3246 παῖδας
374 3178 472 3243 effisos
482 3161 975 3253 ἐπαμμένους,ἒκτόμνων,αγιγεων

63 3248 190 3322 &aare
205 3271 242 3333 ἐς
254 3271 380 3352 Σάρδις
393 3297 432 3333 τε
445 3264 655 3342 καὶἜφεσον
667 3247 829 3334 χρημάτων
844 3240 995 3314 mum·
