2024 3450
113 112 145 157 ,ιο
416 108 598 157 Ἠνοιοτου
865 109 915 174 [ν.

114 189 242 262 βασιλέα
263 186 387 262 πόλεμον
408 184 598 257 ἐσκευάζοντο.
639 185 802 250 πλώσαντες
829 188 859 246 δέ
888 195 919 254 ἐς

113 275 162 335 τόν
175 273 398 350 Ἑλλήσποντον,
410 273 560 346 Βυζάντιόν
572 300 604 334 τε
617 274 663 335 καὶ
672 273 722 336 τάς
730 273 820 338 ἄλλας
830 277 917 342 πόλις

115 362 228 426 ἁπάσας
241 363 290 426 τάς
303 362 390 442 ταότη
405 363 450 422 ὑπ’
465 366 591 422 ἑωυτοῖσι
608 361 785 436 ἐποιήσαντο·
808 364 915 424 ἐκπλώ·

95 452 214 527 ,σαντές
232 478 263 510 τε
279 452 328 522 ἐξω
348 451 397 511 τόν
412 450 635 525 Ἑλλήσποντον,
655 452 761 527 Καρίης
775 451 827 527 τήν
843 458 914 512 πολ-

114 539 168 615 λὴν
181 539 412 617 προσεκτήσαντο
427 540 515 615 σφίσι
533 537 685 616 σύμμαχον
699 537 776 596 εἶναι·
799 540 915 620 καὶγὰρ

113 627 165 703 τήν
187 632 299 688 Καῦνον
318 627 453 704 ’πρότερον
474 626 506 686 οὐ
526 628 704 702 βουλομένην
731 629 913 705 συμμαχέειν,

114 715 149 779 ώς
170 719 326 794 ἐνέπρησαν
345 715 395 778 τάς
411 714 511 788 Σάρδις
527 714 591 775 τότε
607 720 663 789 σφι
682 713 728 771 καὶ
742 713 812 788 αὕτη
825 741 913 792 προσ-

68 805 125 863 104
134 805 252 884 εγένετο.
295 803 416 879 Κύπριοι
436 802 465 860 δέ
487 801 632 861 ἐθέλονταί
644 808 700 877 σφι
712 800 812 864 πάντες
825 829 913 879 προσ·

115 893 249 969 εγένοντο,
269 890 345 964 πλήν
364 888 569 965 Ἀμαθουσίων.
610 888 775 964 ἀπέστησαν
795 890 914 970 γάρκαὶ

115 975 191 1045 οῦτοι
206 975 256 1035 ὧδε
269 977 325 1035 α’πδ
339 977 451 1051 Μήδων·
465 976 500 1052 ἦν
513 976 665 1052 Ὀνήσιλος
678 977 787 1057 Γόργου
799 981 851 1053 μὲν
863 983 913 1038 τοῦ

117 1066 294 1140 Σαλαμινίων
314 1066 452 1140 βασιλέος
472 1063 610 1139 ἀδελφεός
630 1065 766 1142 νεώτερος,
791 1066 913 1142 Χέρσιος

115 1151 145 1209 δέ
165 1157 215 1210 τοῦ
237 1151 363 1228 Σιρώμου
382 1157 431 1211 τοῦ
451 1151 625 1216 Εὐέλθοντος
645 1153 719 1215 πάϊς·
741 1150 822 1216 οῦτος
841 1153 913 1231 ώνήρ

115 1239 253 1302 πολλάκις
264 1242 317 1315 μὲν
330 1241 375 1298 καὶ
389 1240 524 1316 πρότερον
535 1239 585 1299 τόν
598 1241 706 1321 Γόργον
724 1244 913 1322 παρηγορέετο

115 1326 292 1388 α’πίστασθαι
315 1328 370 1388 αἶπό
392 1328 540 1404 βασιλέος·
571 1327 635 1388 τότε
663 1328 694 1397 δ’,
717 1328 752 1392 ώς
779 1330 824 1387 καὶ
849 1331 913 1394 τοῦς

108 1414 207 1480 Ἴωνας
225 1417 341 1476 ἐπύθετο
355 1416 517 1485 ἀπεστάναι,
532 1416 627 1496 πάγχυ
641 1418 808 1492 ἐπικείμενος
822 1422 911 1499 ἐνῆγε·

70 1565 75 1573 ,
114 1504 149 1569 ώς
169 1505 199 1564 δέ
218 1505 268 1565 οῦκ
287 1507 378 1565 ἔπειθε
395 1503 444 1564 τόν
460 1504 576 1584 Γόργον,
591 1505 709 1563 ἐνθαῦτά
723 1530 772 1580 μιν
785 1505 912 1581 φυλάξας

115 1593 265 1664 ἐξελθόντα
281 1593 314 1655 τό
333 1593 406 1655 άστυ
418 1591 451 1652 τό
471 1592 646 1668 Σαλαμινίων
661 1590 676 1650 ό
690 1590 841 1667 Ὀνήσιλος
854 1593 912 1670 ἅμα

115 1685 192 1742 τοῖσι
213 1686 313 1742 ἑωυτοῦ
334 1680 518 1758 στασιώτῃσι,
541 1679 696 1754 α’πεκλήῖσε
716 1683 771 1739 τών
794 1682 910 1741 πυλέων.

115 1768 222 1849 Γόργος
232 1773 283 1845 μὲν
297 1769 330 1844 δή
345 1769 487 1845 στερηθεὶς
506 1771 556 1842 τής
574 1765 673 1829 πόλιος
692 1768 790 1848 ἔφευγε
807 1774 835 1831 ἐς
850 1770 910 1844 Μή-

116 1855 187 1923 δους,
209 1854 360 1931 Ὀνήσιλος
381 1856 410 1912 δέ
436 1854 507 1931 ἦρχε
529 1856 696 1931 Σαλαμῖνος,
721 1857 767 1914 καὶ
788 1854 922 1916 α’νέπειθε·

114 1941 219 2004 πάντας
251 1942 393 2016 Κυπρίους
420 1942 657 2001 συναπίστασθαι.
712 1944 775 2006 τοῦς
800 1946 852 2020 μὲν
878 1947 911 2020 δή

114 2029 219 2093 ἅλλους
240 2027 379 2089 άνέπεισε·
403 2027 608 2103 Ἀμαθουσίους
626 2031 656 2088 δέ
675 2031 706 2090 οὐ
721 2033 911 2108 βουλομένους

114 2123 140 2179 οἱ
153 2119 301 2188 πείθεσθαι
316 2115 476 2191 ἐπολιόρκεε
490 2117 728 2193 προσκατήμενος.

68 2207 124 2265 105
165 2207 317 2282 Ὀνήσιλος
330 2205 382 2280 μέν
395 2229 442 2262 νυν
459 2203 619 2279 ἐπολιόρκεε
631 2205 817 2282 Ἀμαθοῦντα.
859 2210 912 2283 βα-

115 2295 191 2354 σιλέϊ
222 2294 251 2351 δέ
279 2292 386 2369 Δαρείῳ
415 2290 450 2353 ώς
477 2292 633 2372 ἐξαγγέλθη
661 2294 761 2370 Σάρδις
788 2293 914 2358 άλοόσας

114 2381 313 2457 ἐμπεπρῆσθαι
333 2378 388 2438 ῦπό
407 2406 437 2438 τε
457 2378 611 2454 Ἀθηναίων
632 2382 677 2438 καὶ
695 2380 800 2452 Ἰώνων,
817 2383 866 2441 τόν
885 2383 913 2441 δέ

113 2467 237 2550 ἡγεμόνα
258 2468 388 2547 γενέσθαι
409 2472 460 2542 τῆς
481 2472 626 2548 συλλογῆς
648 2469 720 2528 ώστε
740 2474 828 2529 ταῦτα
849 2496 913 2530 συν-

114 2558 271 2632 υφανθῆναι
290 2554 341 2616 τόν
360 2555 506 2630 Μιλήσιον
522 2556 734 2636 Ἀρισταγόρην,
749 2561 845 2634 πρώτα
863 2562 914 2633 μέν

114 2647 227 2725 λέγεται
247 2644 339 2714 αὐτόν,
368 2643 404 2707 ώς
428 2643 543 2703 ἐπύθετο
570 2649 665 2713 ταῦτα,
692 2643 789 2704 Ἰώνων
817 2645 915 2706 οὐδένα

114 2733 202 2813 λόγον
219 2731 417 2807 ποιησάμενον,
438 2731 467 2790 εῦ
486 2731 578 2790 εἰδότα
597 2731 631 2794 (ῦς
647 2730 726 2792 οῦτοί
737 2759 770 2813 γε
785 2733 817 2793 οῦ
832 2760 915 2793 κατα·

116 2821 277 2897 προίξονται
290 2817 472 2888 ἀποστάντες,
484 2820 608 2896 εἴρεσθαι
623 2822 720 2884 οἵτινες
730 2822 784 2881 εἶεν
795 2826 822 2881 οἱ
831 2821 915 2901 Ἀθη-

114 2912 185 2967 ναῖοι
195 2934 202 2977 ;
232 2908 303 2984 μετὰ
327 2908 364 2976 δὲ,
387 2906 551 2982 πυθόμενον,
572 2912 686 2983 αἰτῆσαι
701 2909 734 2967 τό
753 2909 845 2979 τόξον,
864 2914 913 2970 λα-

112 2995 203 3072 βόντα
223 2996 253 3055 δέ
273 2995 320 3054 καὶ
340 2995 469 3054 ἐπιθέντα
489 2993 587 3055 όῖστόν
608 2995 662 3054 ἅνω
683 3001 710 3059 ἐς
729 2997 779 3057 τόν
797 2997 917 3074 οὐρανόν

105 3082 225 3155 απείναι,
241 3085 295 3144 καί
307 3111 359 3162 μιν
380 3088 409 3147 ἐς
427 3082 476 3143 τόν
496 3083 566 3162 ἠέρα
586 3084 735 3160 βάλλοντα
750 3089 844 3143 εἰπεῖν·
867 3087 916 3145 “ώ

90 3173 154 3240 Ζεῦ,
176 3175 349 3255 ἐκγενέσθαι
367 3201 423 3253 μοι
438 3173 610 3251 Ἀθηναίους
629 3169 790 3231 τίσασθαι-’“
815 3171 934 3225 ἐιπαντα

76 3250 110 3313 θέ
137 3265 235 3324 ταῦτα
264 3264 442 3345 προστάξαι
466 3265 510 3326 ἐνὶ
530 3267 591 3325 τῶν
613 3256 814 3336 θεραπόντων,
831 3253 946 3308 δὲὶπνυῑ
