2024 3450
100 117 209 183 24-29]
406 86 610 167 τουνικοτὲι.
700 104 702 109 ’
870 114 900 164 11

101 198 227 259 καστέων
254 196 298 256 ὅτι
327 196 374 255 ἐπὶ
399 195 529 273 χρήμασι
554 194 633 271 δίκην
658 184 754 254 άδικον
780 191 903 263 ἐδίκασε,

100 287 215 364 σφάξας
234 282 361 361 άπέδειρε
378 287 475 343 πᾶσαν
491 282 542 358 τήν
559 281 746 358 ἀνθρωπηίην·
764 279 904 350 σπαδίξας

101 375 130 434 δὲ
153 373 239 433 αὐτοῦ
260 370 293 431 τά
316 370 414 448 δέρμα,
437 369 552 446 ἱμάντας
579 369 610 438 ἐξ
633 367 718 428 αὐτοῦ
746 369 828 445 ἔταμε
856 368 902 427 καὶ

101 463 215 522 ἐνέτεινε
233 458 283 519 τόν
304 457 403 536 θρόνον
422 462 449 520 ἐς
469 456 520 516 τδν
537 457 599 529 ἵζων
617 457 730 527 ἐδίκαζε·
752 455 903 518 ἐντανύσας

101 551 130 608 δὲ
151 548 168 609 ά
190 545 353 625 Καμβύσης
373 545 489 613 ἀπέδεξε
516 542 652 619 δικαστήν
673 543 743 603 εἶναι
765 542 826 603 άντὶ
851 547 902 603 τοῦ

102 635 258 714 Σισάμνεω,
278 633 328 695 τδν
349 632 515 696 ἀποκτείνας
530 631 666 709 α’πέδειρε,
681 630 732 691 τάν
748 631 835 689 παῖδα
852 635 903 690 τοῦ

102 724 257 802 Σισάμνεω,
271 719 462 797 ἐντειλάμενός
474 722 501 780 οἶ
513 721 676 797 μεμνῆσθαι
690 723 719 780 ἐν
736 721 775 797 τῳ
788 719 903 789 κατίζων

102 810 190 890 θρόνῳ
205 809 317 880 δικάζει.
347 806 438 872 Οὗτος
452 807 488 869 ὧν
501 808 518 869 ό
531 807 650 885 Ὀτάνης
662 807 680 870 ά
693 806 903 888 ἐγκατιζόμενος
910 807 949 867 26

103 903 130 961 ἐς
158 902 258 958 τοῦτον
284 896 334 957 τάν
367 896 474 974 θρόνον,
501 896 566 958 τότε
596 896 724 974 διάδοχος
747 893 901 976 ,γενόμενος

102 985 266 1068 Μεγαβάζῳ
278 989 329 1061 τῆς
348 986 528 1064 στρατηγίης,
543 986 711 1057 Βυζαντίους
727 1009 759 1044 τε
778 983 837 1042 εἷλε
856 984 903 1043 καὶ

102 1075 324 1153 Καλχηδονίους·
346 1074 405 1133 εἷλε
419 1074 449 1133 δέ
457 1073 628 1151 Ἀντανδρον
641 1071 694 1148 τήν
705 1077 734 1132 ἐν
746 1075 782 1150 τῇ
795 1070 903 1148 Τρωάδι

100 1167 149 1242 γῇ·
169 1162 228 1222 εἷλε
246 1162 276 1221 δέ
294 1161 474 1238 Λαμπώνιον·
498 1162 600 1237 λαβών
621 1161 651 1219 δὲ
671 1159 748 1237 παρά
767 1159 903 1235 Λεσβίων

101 1251 163 1313 νέας
177 1250 235 1310 εἷλε
246 1248 364 1327 Λῆμνόν
374 1274 405 1308 τε
414 1249 462 1309 καὶ
469 1248 601 1326 Ἴμβρον,
611 1247 780 1325 ἀμφοτέρας·
789 1248 829 1307 ἐτι
837 1237 913 1307 τότε

101 1337 156 1398 άπὸ
169 1341 333 1418 Πελασγῶν
348 1337 516 1413 οἰκεομένας.
559 1340 596 1396 Οῖ
607 1338 660 1415 μὲν
674 1336 708 1412 δή
720 1335 842 1413 Λήμνιαι
856 1335 950 1397 nam

102 1427 279 1504 ἐμαχέσαντο
293 1423 322 1484 εὖ
337 1425 384 1485 καὶ
402 1424 571 1502 ἀμυνόμενοι
583 1424 637 1485 άνοὶ
649 1424 752 1502 χρόνον
766 1422 903 1498 ἐκακώθη-

101 1538 166 1573 σαν·
186 1517 264 1572 τοῖσι
281 1513 312 1570 δέ
327 1516 471 1588 περιεοῦσι
492 1511 582 1570 αὐτῶν
599 1515 626 1570 οἱ
642 1511 756 1586 Πέρσαι
776 1510 904 1588 ὕπαρχον

102 1601 238 1665 ἐπιστᾶσι
252 1597 425 1674 Λυκάρητον,
439 1597 491 1657 τόν
506 1597 682 1672 Μαιανδρίου
696 1601 747 1657 τοῦ
764 1595 902 1672 βασιλεύ-

103 1679 206 1760 σαντος
216 1683 314 1761 Σάμου
324 1682 473 1758 ἀδελφεόν.
503 1681 596 1764 (οὗτος
609 1683 625 1744 ά
637 1683 801 1762 Λυκάρητος
810 1682 904 1763 ἅρχων

103 1777 132 1831 ἐν
150 1772 256 1851 Λήμνῳ
271 1771 412 1852 τελευτᾷ.)
454 1773 528 1832 αἰτία
548 1772 579 1831 δέ
598 1771 699 1832 τούτου
719 1771 777 1848 ἥδε·
797 1771 904 1836 πάντας

102 1858 316 1937 ήνδραποδίζπο
329 1859 375 1918 καὶ
389 1860 603 1937 κατεστρέφετο,
613 1859 678 1922 τούς
687 1862 739 1936 μέν
748 1863 904 1937 λιποστρα-

101 1949 162 2024 τίης
181 1948 228 2008 ἐπὶ
247 1947 361 2013 Σκύθας
377 1946 545 2024 αἰτιώμενος,
565 1947 631 2012 τούς
652 1947 681 2007 δέ
702 1948 833 2009 σίνεσθαι
852 1948 904 2011 τὸν

102 2035 223 2113 Δαρείου
247 2033 369 2112 στρατόν
392 2034 450 2095 άπδ
473 2036 601 2100 Σκυθέων
622 2035 714 2096 ὀπίσω
737 2034 903 2112 άποκομιζά·

100 2149 194 2200 μενον·
219 2121 301 2186 οὗτος
316 2123 369 2200 μέν
384 2148 433 2183 νυν
448 2127 577 2183 τοσαῦτα
593 2122 765 2204 ἐξεργάσατο
783 2148 904 2200 στρατη-

131 2209 139 2230 Ι

100 2236 203 2291 γησας.

141 2298 224 2360 Μετά
240 2298 279 2369 δέ,
293 2296 327 2359 οὔ
343 2297 456 2359 πολλάν
468 2298 571 2378 χρόνον
584 2296 680 2362 άνεσις
695 2301 786 2359 κακῶν
799 2297 842 2375 ἦν,
857 2297 904 2359 καὶ
913 2301 951 2359 28

101 2385 203 2465 ἤρχετο
216 2386 250 2447 τά
268 2386 394 2463 δεύτερον
406 2391 438 2447 ἐκ
455 2386 554 2456 Νάξου
565 2413 597 2447 τε
615 2386 661 2446 καὶ
677 2386 810 2463 Μιλήτου
818 2387 904 2447 Ἴωσι

23 2497 27 2506 ·
101 2474 231 2552 γίνεσθαι
248 2474 331 2534 κακά.
346 2478 347 2482 ’
365 2479 450 2535 τοῦτο
465 2477 518 2551 μὲν
530 2474 587 2554 γάρ
599 2473 618 2549 ή
632 2473 904 2554 Νάξος-αἷδαιμονίη

102 2565 157 2619 τῶν
166 2560 260 2637 νήσων
268 2554 416 2640 προέφερε,
427 2565 510 2623 τοῦτο
523 2563 553 2622 δὲ
567 2562 637 2622 κατά
646 2561 698 2624 τάν
708 2561 792 2624 αὐτόν
802 2562 905 2641 χρόνον

101 2647 121 2722 ή
138 2649 270 2726 Μίλητος
287 2647 359 2726 αὐτή
373 2675 405 2710 τε
424 2654 524 2726 ἑωυτῆς
538 2649 668 2728 μάλιστα
683 2649 717 2727 δή
734 2649 799 2716 τότε
816 2648 904 2727 άκμά·

101 2761 189 2811 σασα,
206 2736 252 2796 καὶ
272 2736 306 2813 δή
325 2737 371 2797 καὶ
391 2741 441 2814 τῆς
455 2735 561 2814 Ἰωνίης
580 2736 615 2815 ἦν
634 2737 802 2818 πρόσχημα·
813 2736 905 2796 κατά-

43 2879 46 2885 .
101 2827 186 2902 περθε
199 2824 230 2884 δὲ
238 2824 353 2895 τούτων,
362 2827 408 2885 ἐπὶ
421 2824 470 2885 δύο
483 2824 580 2906 γενεάς
592 2824 699 2903 αἰνδρῶν
712 2825 865 2901 νοσήσασα
878 2827 906 2890 ἐς

101 2910 137 2970 τά
149 2911 278 2988 μάλιστα
290 2913 388 2982 στάσι,
402 2913 486 2991 μέχρι
500 2910 532 2973 οὗ
545 2907 595 2990 μιν
605 2912 710 2990 Πάριοι
723 2912 905 2991 κατήρτισαν·

104 2999 216 3063 τούτους
238 3002 295 3083 γάρ
318 3004 543 3078 καταρτιστῆρας
570 3005 600 3060 ἐκ
628 3000 738 3061 πάντων
759 2999 906 3072 Ἑλλήνων

103 3088 212 3149 εἴλοντο
226 3093 252 3149 οἶ
267 3090 419 3165 Μιλήσιοι.
454 3088 654 3166 Κατήδλαξαν
665 3089 704 3148 δέ
719 3096 821 3162 σφεας
831 3083 892 3137 ἱιῖιε
903 3082 992 3137 θῶ)

100 3173 212 3251 Πάριοι.
253 3177 291 3244 οἷς
313 3177 455 3242 άπίκοντο
477 3177 575 3241 αιἰτῶν
600 3177 707 3254 ἂνδρες
729 3176 762 3232 οἳ
780 3168 912 3239 '‘39⁸⁶'‘OE
927 3162 967 3210 ³³

89 3259 143 3341 ’ἢν
159 3264 305 3342 Mamm
321 3267 417 3348 ὥρων
434 3270 498 3354 γὰρ
517 3268 554 3347 δή
578 3273 687 3344 σῷεας
701 3259 817 3320 δεινῶς
838 3236 992 3301 ἆῐκῦῲδ“’
