2024 3450
131 115 179 163 τοι
436 107 617 156 Ἦνοιοτοτ
870 105 933 172 [ιχ.

132 194 219 269 φέρον
246 190 280 252 τῦ
309 190 468 265 Τισαμενοῦ
494 184 636 264 μαντήϊον,
664 187 760 266 μισθῷ
785 190 935 266 ἐπειρῶντο

131 281 277 338 πείσαντες
304 274 461 352 Τισαμενόν
481 275 627 334 ποιέεσθαι
648 274 707 351 ἅμα
729 274 935 353 Ἡρακλειδέων

131 369 206 425 τοῖσι
225 363 384 439 βασιλεῦσι
401 361 525 444 ἡγεμόνα
541 366 595 423 τῶν
614 364 754 438 πολέμων·
777 363 838 422 ὁδέ
851 363 937 440 ὁρέων

132 454 194 528 περὶ
216 455 327 511 πολλοῦ
352 453 529 528 ποιευμένους
550 451 727 528 Σπαρτιήτας
746 452 835 526 φίλον
853 451 937 512 αῦτὸν

133 543 318 618 προσθέσθαι,
338 538 435 619 μαθῶν
454 544 539 599 τοῦτο
559 537 683 615 ἀνετίμα,
705 540 851 615 σημαίνων
871 547 936 616 σφι,

134 630 168 692 ιῦς
181 629 215 705 ήν
227 657 275 707 μιν
291 628 430 705 πολιήτην
447 629 586 704 σφέτερον
603 626 776 702 ποιήσωνται
793 631 850 687 τῶν
870 628 938 688 πάν-

134 744 187 777 των
207 717 406 795 μεταδιδόντες,
428 715 541 791 ποιήσει
560 719 658 774 ταῦτα·
680 714 721 774 ἐπ’
742 713 824 795 ἄλλῳ
844 717 939 794 μισθῷ

135 806 158 866 δ’
179 805 221 866 οῦ·
243 808 415 883 Σπαρτιῆται
437 804 474 873 δέ,
493 807 590 881 πρῶτα
607 805 660 878 μέν
675 802 846 866 ἀκούσαντες
863 804 938 864 δεινθ

136 900 284 965 ἐποιεῦντο,
300 895 345 952 καὶ
358 893 491 970 μετίεσαν
508 896 559 969 τῆς
576 890 778 971 χρησμοσύνης
795 891 830 952 τό
850 891 939 970 παρά·

136 1008 200 1040 παν·
221 983 303 1041 τέλος
316 980 353 1048 δὲ,
367 980 496 1055 δείματος
511 979 637 1061 μεγάλου
656 981 878 1056 ἐπικρεμαμένου
889 984 939 1040 τοῦ

137 1071 279 1142 Περσικοῦ
293 1067 391 1126 τούτου
406 1067 622 1144 στρατεύματος,
633 1068 777 1126 καταίνεον
787 1067 939 1143 μετιόντες·

137 1155 200 1215 όδέ
218 1153 300 1236 γνοῦς
315 1154 518 1232 τετραμμένους
539 1155 639 1229 σφέας,
660 1154 716 1213 οὔδ’
736 1153 806 1215 οὕτω
826 1156 941 1231 ἔφηέτι

137 1243 286 1321 ἀρκέεσθαι
301 1243 427 1303 τοῦτοισι
443 1241 581 1319 μούνοισι,
596 1241 674 1300 α’λλά
693 1242 749 1301 δεῖν
767 1242 807 1301 ἐτι
827 1244 874 1302 καὶ
891 1244 941 1304 τόν

138 1332 277 1408 ἀδελφεόν
302 1334 401 1390 έωυτοῦ
424 1329 525 1411 Ἡγίην
547 1330 675 1411 γίνεσθαι
694 1329 874 1407 Σπαρτιήτην
895 1333 942 1391 ἐπὶ

137 1426 214 1481 τοῖσι
241 1420 352 1480 αὐτοῖσι
384 1419 498 1500 λόγοισι
528 1422 605 1478 τοῖσι
635 1418 681 1476 καὶ
710 1417 793 1482 αῦτδς
825 1420 941 1500 γίνεται.

91 1512 130 1568 34
139 1513 233 1569 Ταῦτα
260 1510 290 1569 δέ
313 1510 403 1590 λέγων
430 1506 509 1570 οὗτος
536 1507 663 1595 ἐμιμέετο
690 1505 880 1583 Μελάμποδα,
907 1509 943 1573 οἷς

140 1596 249 1657 εἰκάσαι
261 1597 419 1673 βασιληίην
431 1621 462 1655 τε
476 1595 522 1654 καὶ
535 1595 691 1670 πολιτηίην,
706 1593 875 1670 αἰτεόμενος·
896 1597 943 1656 καὶ

139 1685 194 1766 γάρ
221 1685 255 1761 δή
284 1687 330 1743 καὶ
354 1685 538 1760 Μελάμπους,
561 1686 615 1742 τιῦν
638 1687 667 1741 ἐν
685 1680 785 1762 Ἀργεῐ
807 1687 943 1763 γυναικιῦν

139 1774 301 1849 μανεισέων,
316 1772 351 1835 ὥς
364 1798 413 1849 μιν
431 1776 457 1831 οἱ
473 1770 597 1852 Ἀργεῖοι
615 1770 782 1846 ἐμισθοῦντο
799 1775 829 1830 ἐκ
844 1771 942 1832 Πύλου

140 1863 247 1918 παῦσαι
266 1859 316 1922 τοὶς
332 1862 473 1936 σφετέρας
493 1863 624 1940 γυναῖκας
640 1861 691 1932 τῆς
707 1857 818 1928 νούσου,
839 1859 944 1934 μισθόν

141 1947 318 2025 προετείνατο
335 1952 385 2024 τῆς
405 1948 560 2023 βασιληίης
579 1947 611 2005 τό
633 1945 733 2022 ἥμισυ·
755 1945 806 2004 οῦκ
822 1946 944 2027 άνασχο-

141 2037 229 2114 μένων
243 2035 272 2095 δέ
289 2040 343 2097 τῶν
356 2035 488 2117 Ἀργείων
503 2033 568 2093 ἀλλ’
588 2033 731 2103 άπιόντων,
748 2034 783 2097 οῦς
800 2037 945 2111 ἐμαίνοντο

141 2129 242 2204 πολλῷ
261 2130 378 2188 πλεῦνες
398 2128 452 2184 τιῦν
472 2127 615 2204 γυναικῶν,
633 2121 704 2181 οὕτω
721 2120 754 2196 δή
772 2121 946 2187 ὑποστάντες

142 2213 177 2272 τά
204 2211 220 2270 ὅ
248 2212 423 2288 Μελάμπους
445 2212 625 2287 προετείνετο,
650 2208 735 2285 ἤϊσαν
760 2209 897 2272 δώσοντές
918 2215 945 2270 οἶ
982 2203 985 2210 ’

142 2303 238 2358 ταῦτα·
260 2297 275 2356 ὁ
298 2298 328 2356 δὲ
350 2300 467 2358 ἐνθαῦτα
489 2297 522 2371 δή
548 2298 716 2377 ἐπορέγεται,
737 2293 823 2373 όμέων
846 2296 949 2362 αῦτοῦς

143 2386 354 2459 τετραμμένους,
376 2384 439 2459 φάς,
462 2382 497 2458 ἢν
516 2385 556 2460 μή
579 2385 624 2442 καὶ
645 2389 683 2464 τῷ
702 2385 832 2463 ἀδελφεῷ
848 2387 949 2445 Βίαντι

142 2471 283 2549 μεταδῶσι
295 2470 329 2530 τό
343 2471 520 2548 τριτημόριον
533 2477 583 2546 τῆς
595 2473 759 2550 βασιληίης,
772 2471 804 2531 οῦ
817 2471 948 2548 ποιήσειν

143 2559 178 2618 τοὶ
196 2558 359 2633 βούλονται·
381 2562 407 2618 οἶ
426 2559 455 2619 δέ
467 2559 598 2641 Ἀργεῖοι,
617 2559 812 2636 ἀπειληθέντες
831 2563 859 2622 ἐς
873 2585 949 2619 στει-

98 2654 135 2708 35
144 2647 199 2714 νῦν,
214 2648 390 2707 καταινέουσι
404 2649 556 2709 καὶταῦτα
599 2648 648 2710 Ὡς
660 2648 690 2707 δὲ
704 2648 750 2706 καὶ
764 2649 948 2724 Σπαρτιῆται,

145 2733 252 2793 ἐδέοντο
268 2733 323 2814 γάρ
342 2735 434 2799 δεινῶς
449 2741 499 2796 τοῦ
518 2740 685 2812 Τισαμενοῦ,
700 2734 808 2798 πάντως
826 2734 949 2813 συνεχώ·

144 2820 208 2899 ρεόν
221 2824 256 2881 οἱ·
279 2823 520 2902 συγχωρησάντων
534 2825 563 2883 δέ
577 2825 622 2882 καὶ
635 2827 722 2883 ταῦτα
739 2828 794 2882 τῶν
808 2824 949 2899 Σπαρτιη-

146 2911 222 2981 τέων,
237 2909 307 2970 οῦτω
345 2909 450 2970 “πέντε
468 2918 524 2986 σφι
541 2910 743 2987 μαντευόμενος
763 2909 871 2991 ἀγῶνας
883 2909 949 2974 τοῦς

145 3000 294 3080 μεγίστους
307 2998 463 3075 Τισαμενός
476 2999 492 3058 ὁ
508 2998 629 3068 Ἠλεῖος,
644 2999 791 3079 γενόμενος
808 2997 949 3073 Σπαρτιή-

144 3113 200 3164 της,
220 3088 422 3170 σιγκαταιρέει·
442 3090 541 3164 μοῦνοι
562 3086 591 3144 δὲ
612 3085 646 3160 δή
667 3085 776 3146 πάντων
797 3084 950 3160 ἀνθρώπων

69 3156 94 3248 Ι
134 3176 266 3258 ἐγένοντο
285 3175 366 3242 οὗτοι
383 3174 584 3257 Σπαρτιήτῃσι
599 3177 743 3247 πολιῆται.
783 3175 811 3227 αὶ
823 3172 858 3226 δῖ
870 3171 969 3271 μέντει

125 3263 236 3348 ν’γιῦνες
251 3270 318 3334 οἶδε
341 3269 490 3355 ἐγένοντο·
513 3265 555 3327 εἷς
578 3265 629 3340 μὶν
651 3262 698 3316 καὶ
714 3259 838 3327 πρῶτος,
857 3270 942 3304 ουτος
956 3275 976 3303 u
