2024 3450
130 89 177 134 ιιι
431 83 613 132 υττοιοτοι
848 85 924 148 [ττι.

130 166 175 223 καὶ
187 163 335 240 Ἀθηνέων·
356 165 383 224 οἶ
395 163 425 224 δέ
438 163 494 223 οἷπὸ
506 162 662 240 Ἀρκαδίης·
684 165 711 224 οἱ
729 163 759 224 δέ
775 163 831 224 άπὸ
851 167 927 226 Κύθ-

129 279 186 312 νου·
208 255 234 310 ot
256 252 285 311 δέ
305 250 362 312 α’πό
384 253 520 328 Φοινίκης·
542 254 568 310 οἱ
589 252 618 310 δὲ
639 250 695 310 α’πδ
714 253 868 328 Αἰθιοπίης,
891 255 928 319 ὦς

11 339 207 415 ςιηςγφααῦτοὶ
223 338 345 415 Κύπριοι
365 339 492 419 λέγουσι.
535 339 649 401 Κιλικες
667 339 697 397 δὲ
715 339 812 399 ἐκατόν
832 342 928 418 παρεί-

128 453 213 506 χυντο
234 427 305 489 νέας·
332 424 408 486 οὗτοι
430 425 453 486 δ’
476 425 510 488 οὗ
531 426 595 503 περὶ
616 428 666 501 μέν
690 429 758 504 τῇσι
782 432 928 507 κεφαλῇσι

81 517 118 592 91
131 514 231 592 κράνεα
255 512 396 592 ἐπιχώρια,
420 512 539 588 λαισήϊά
564 538 594 572 τε
621 513 697 591 εἶχον
723 513 780 573 ἀντ’
802 513 929 579 οἶσπίδων

129 601 274 679 ὠμοβοέης
295 603 475 677 πεποιημένα,
498 601 544 658 καὶ
568 602 683 664 κιθῶνας
705 602 833 677 εἰρινέους
856 604 928 665 ἐνδε-

129 690 249 754 δυκότες·
269 688 318 748 δύο
339 689 369 748 δέ
390 687 503 748 άκόντια
527 689 643 751 ἕκαστος
667 690 712 747 καὶ
736 689 818 764 ξίφος
842 690 927 770 εἶχον,

129 778 275 859 ἀγχοτάτω
292 780 360 855 τῇσι
378 775 550 856 Αἰγυπτίῃσι
567 777 724 854 μαχαίρῃσι
744 779 927 853 πεποιημένα.

129 864 208 926 οὗτοι
227 869 279 942 μέν
298 863 331 923 τό
351 863 473 922 παλαιόν
484 863 635 943 Ὑπαχαιοὶ
656 864 812 923 ἐκαλέοντο·
834 865 880 924 ἐπὶ
898 867 927 926 δὲ

129 955 247 1016 Κίλικος
264 955 314 1011 τοῦ
333 949 494 1031 Ἀγήνορος,
512 950 609 1028 ἀνδρὸς
622 950 756 1022 Φοίνικος,
770 952 854 1031 ἐσχον
874 953 927 1030 τήν

9 1037 292 1120 ιρλγίίιιεέπωνυμίην.
334 1037 494 1113 Πάμφυλοι
522 1039 551 1097 δέ
580 1038 726 1115 τριήκοντα
760 1041 926 1119 παρείχοντο

70 1117 111 1151 ’θ’
128 1128 189 1189 νέας
201 1127 394 1202 Ἑλληνικοῖσι
407 1125 524 1184 ὅπλοισι
537 1127 746 1203 ἐσκευασμένοι·
761 1130 788 1186 οἶ
801 1127 830 1186 δέ
844 1127 925 1204 Πάμ-

128 1218 215 1288 φυλοι
237 1213 313 1273 οὗτοι
335 1213 390 1272 εἰσὶ
411 1216 465 1273 τῶν
488 1218 517 1272 ε’κ
538 1215 638 1290 Τροίης
659 1213 926 1276 ἀποσκεδασθέντων

81 1301 187 1379 wilpa
206 1301 375 1381 Ἀμφιλόχῳ
397 1301 442 1359 καὶ
465 1300 623 1381 Κάλχαντι.
664 1300 763 1360 Λύκιοι
784 1302 813 1360 δέ
830 1306 925 1380 παρεί-

9 1399 212 1469 ιὶιιιβθχοντο
233 1391 295 1453 νέας
313 1387 492 1466 πεντήκοντα,
513 1390 707 1467 θωρηκοφόροι
723 1415 755 1449 τε
773 1390 862 1454 ἐόντες
880 1394 926 1451 καὶ

128 1478 339 1556 κνημιδοφόροι·
360 1477 436 1557 εἶχον
455 1477 485 1536 δέ
504 1478 573 1548 τόξα
596 1478 730 1553 κρανέϊνα,
751 1479 796 1536 καὶ
814 1477 926 1542 όῖστοῦς

128 1561 297 1645 καλαμίνους
310 1566 445 1644 άπτέρους
459 1566 505 1625 καὶ
519 1564 640 1626 ἀκόντια·
662 1566 708 1624 ἐπὶ
721 1566 758 1638 δέ,
774 1565 851 1647 αἰγός
867 1567 925 1644 δέρ-

126 1680 203 1732 ματα
226 1655 290 1733 περὶ
312 1654 376 1717 τούς
400 1652 489 1730 ὤμους
512 1653 691 1731 αἰωρεύμενα·
719 1654 783 1730 περὶ
806 1655 835 1712 δὲ
858 1657 926 1732 τῇσι

128 1740 272 1822 κεφαλῇσι
288 1744 389 1805 πίλους
402 1745 530 1819 πτεροῖσι
545 1742 861 1819 περιεστεφανωμένους·
882 1747 925 1823 ε’γ-

126 1830 244 1906 χειρίδια
258 1830 288 1888 δέ
302 1830 348 1887 καὶ
362 1829 484 1904 δρέπανα
502 1828 586 1908 εἶχον.
628 1829 727 1889 Λύκιοι
748 1830 777 1889 δέ
789 1830 925 1906 Τερμίλαι

128 1917 284 1986 ἐκαλέοντο,
300 1921 330 1974 ἐκ
344 1915 459 1991 Κρήτης
479 1915 633 1997 γεγονότες·
655 1916 700 1974 ἐπὶ
720 1917 750 1975 δέ
763 1916 855 1974 Λύκου
875 1925 925 1975 τοῦ

127 2003 289 2074 Πανδίονος,
304 2000 402 2080 άνδρὸς
416 2001 574 2079 Ἀθηναίου,
588 2003 672 2080 ἐσχον
692 2001 743 2075 τήν
760 2004 923 2075 ἐπωνυμίην.

9 2157 49 2187 w
61 2092 248 2198 ffisswptt'cs
267 2091 297 2150 δέ
316 2093 342 2150 οἶ
362 2095 391 2148 ἐκ
409 2093 460 2165 τῆς
475 2089 574 2166 Ἀσίης
594 2085 741 2164 τριήκοντα
759 2086 924 2162 παρείχοντο

61 2222 107 2268 30.
127 2181 197 2248 νέας,
213 2179 321 2259 ἔχοντές
332 2201 364 2237 τε
377 2175 531 2252 Ἑλληνικαὶ
549 2174 625 2233 ὅπλα
644 2170 689 2229 καὶ
706 2169 851 2251 γεγονότες
868 2169 923 2232 α’πό

9 2283 113 2339 [mmo.
127 2263 355 2340 Πελοποννήσου.
400 2265 494 2338 Κᾶρες
507 2261 536 2319 δέ
550 2256 743 2334 ἐβδομήκοντα
758 2259 924 2338 παρείχοντο

126 2352 196 2423 νέας,
219 2351 255 2409 τά
275 2351 327 2426 μὲν
347 2345 425 2406 ἄλλα
444 2345 567 2424 κατάπερ
586 2344 725 2421 Ἕλληνες
747 2348 923 2423 ἐσταλμένοι·

127 2437 204 2516 εἶχον
218 2438 247 2496 δέ
261 2436 306 2496 καὶ
319 2435 442 2513 δρέπανα
456 2433 502 2493 καὶ
518 2434 673 2516 ἐγχειρίδια.
718 2432 794 2495 οὗτοι
812 2435 841 2495 δέ
859 2435 924 2523 οἵτι-

126 2551 170 2587 νες
196 2523 341 2605 πρότερον
362 2521 518 2593 ἐκαλέοντο,
547 2527 576 2582 ἐν
601 2524 677 2582 τοῖσι
705 2522 843 2602 πριίποισι
870 2528 925 2584 τῶν

9 2612 219 2694 γωγοολόγων
242 2613 368 2691 εἴρηται.’
391 2609 486 2674 Ἰωνες
503 2611 533 2670 δέ
551 2609 648 2677 ἐκατὸν
666 2611 728 2675 νέας
748 2611 924 2691 παρείχοντο,

79 2703 118 2761 94
129 2700 328 2778 ἐσκευασμένοι
355 2697 392 2763 οἷς
413 2699 562 2776 Ἕλληνες.
599 2697 691 2763 Ἴωνες
718 2700 755 2771 δέ,
779 2699 849 2761 ὅσον
874 2701 925 2774 μὲν

125 2788 227 2870 χρόνον
246 2794 274 2849 ἐν
288 2787 499 2868 Πελοποννήσῳ
518 2788 607 2848 οἴκεον
624 2786 677 2863 τήν
692 2781 741 2844 νῦν
755 2786 925 2863 καλεομένην

125 2876 262 2958 Ἀχαιίην,
277 2877 323 2936 καὶ
340 2876 407 2953 πρὶν
424 2874 443 2954 ἢ
458 2875 570 2937 Δάναόν
588 2901 620 2935 τε
638 2875 684 2934 καὶ
701 2875 811 2936 Ξοῦθον
831 2871 925 2931 ἀπικέ-

125 2968 195 3029 σθαι
217 2971 244 3031 ἐς
261 2963 493 3042 Πελοπόννησον,
510 2963 546 3028 ὥς
557 2963 697 3039 Ἕλληνες
717 2961 843 3042 λέγουσι,
864 2963 925 3018 ἐκα-

107 3056 216 3116 λέοντο
230 3055 388 3140 Πελασγοὶ
401 3053 560 3142 Αἰγιαλέες·
582 3051 629 3112 ἐπὶ
643 3051 674 3111 δέ
685 3047 781 3111 Ἴωνος
792 3050 842 3107 τοῦ
855 3045 924 3109 Ξού-

9 3209 18 3236 ⁵
38 3139 152 3239 gffeov
172 3144 282 3214 Ἴωνες.
327 3153 488 3231 Νησιῶται
511 3145 545 3208 δέ
567 3138 754 3205 ἓπτοκαὶδεκα
774 3135 941 3209 πορείγῳντυ

19 3225 25 3239 ’
72 3230 158 3302 νεός,
178 3235 378 3326 άπλισμένοι
396 3242 440 3312 ὥς
453 3240 619 3317 Ἕλληνες·
646 3231 693 3292 κολ
709 3223 960 3290 τοῦτοΠελασῚλ·
