2024 3450
137 114 185 159 ιιι
443 109 626 157 ‘amoma'
854 111 932 176 [vu.

88 191 142 248 105
172 189 331 271 Λέγεται-δὲ
344 187 390 248 καὶ
403 186 468 247 τάδε
478 186 533 246 ύπιί
543 189 598 246 τῶν
609 191 638 246 ἐν
648 187 762 267 Σικελίῃ
773 191 932 267 οἰκημένων,

134 277 168 339 ὥς
182 276 255 353 ὅμως
272 279 318 352 καί
334 277 447 352 μέλλων
460 275 598 354 ἄρχεσθαι
612 274 666 334 ύπὸ
680 276 904 353 Λακεδαιμονίων
918 280 934 339 ὁ

133 367 227 425 Γέλων
242 364 384 442 ἐβοήθησε
398 363 431 423 ἂν
443 369 519 423 τοῖσι
527 363 662 439 Ἕλλησι,
678 368 701 422 εἰ
714 363 754 440 μή
768 364 822 423 ύπὸ
837 366 933 443 Θήρω-

132 480 177 516 νος
195 459 245 513 τοῦ
263 453 454 529 Αἰνησιδήμου
470 451 690 531 Ἀκραγαντίνων
706 451 865 531 μουνάρχου
879 455 936 524 ε’ξε·

131 542 248 605 λασθείς
267 542 297 611 ἐξ
312 541 421 617 Ἱμέρης
438 539 579 616 Τήριλλος
592 539 607 598 ὁ
622 539 787 615 Κρινίππου,
803 541 936 618 τύραννος

132 628 183 689 εἰδν
206 629 324 708 Ἱμέρης,
350 633 436 709 ἐπῆγε
457 627 503 687 ὑπ’
526 626 610 687 αὐτόν
632 627 682 686 τὸν
708 626 810 705 χρόνον
835 633 936 691 τοῦτον

131 720 264 779 Φοινίκων
285 718 331 778 καί
351 717 465 790 Λιβύων
485 716 531 774 καὶ
550 714 670 791 Ἰβήρων
691 717 737 774 καὶ
757 715 867 797 Λιγύων
888 719 935 777 καὶ

129 804 286 866 Ἐλισύκων
310 805 356 864 καί
381 804 537 881 Σαρδονίων
560 804 606 861 καὶ
633 804 760 879 Κυρνίων
785 804 957 879 τριήκονταΙ

130 895 272 971 μυριάδας,
287 894 332 951 καὶ
346 890 506 971 στρατηγόν
519 891 608 950 αὐτῶν
620 891 759 967 Ἀμίλκαν
771 890 821 950 τόν
830 891 934 952 Ἀννω-

130 1007 176 1044 νος
201 981 399 1058 Καρχηδονίων
423 979 503 1039 ἐόντα
523 980 660 1054 βασιλέα·
690 979 760 1038 κατὰ
781 979 881 1055 ξεινίην
901 1009 934 1040 πε

130 1068 182 1144 τήν
196 1071 295 1126 ἑωυτοῦ
311 1067 326 1126 ὁ
345 1067 486 1144 Τήριλλος
501 1065 672 1146 ἅναγνοίσας,
687 1069 733 1126 καὶ
745 1066 872 1143 μάλιστα
886 1069 933 1127 διοί

129 1156 181 1230 τήν
197 1154 347 1224 Ἀναξίλεω
366 1159 416 1214 τοῦ
435 1154 577 1230 Κρητίνεω
593 1156 758 1231 προθυμίην,
773 1155 802 1218 δς
819 1155 933 1237 Ῥηγίου

130 1244 182 1303 ε’ὠν
194 1242 332 1321 τύραννος,
344 1243 380 1302 τὰ
393 1246 494 1302 ἑωυτοῦ
506 1244 587 1301 τέκνα
601 1243 664 1305 δούς
676 1243 797 1320 ὁμήρους
808 1243 932 1323 Ἀμίλκᾳ

130 1333 219 1412 ε’ττῆγέ
236 1357 285 1409 μιν
302 1332 347 1390 ε’πί
362 1332 414 1407 τήν
431 1331 567 1406 Σικελίην,
584 1332 721 1407 τιμωρέων
741 1335 779 1410 τῷ
798 1335 930 1412 πενθερῷ·

130 1420 272 1497 Τηρίλλου
293 1418 347 1501 γιίρ
368 1419 425 1498 εἶχε
442 1420 580 1500 θυγατέρα
595 1418 761 1488 ’Λναξίλεως
776 1425 811 1498 τῇ
825 1421 931 1499 ούνομα

129 1505 164 1583 ἦν
178 1508 320 1584 Κυδίππη·
333 1507 404 1567 οὕτω
418 1507 451 1582 δή
466 1506 516 1566 ούκ
530 1506 588 1566 οἶόν
600 1533 631 1566 τε
641 1507 789 1588 γενόμενον
798 1510 930 1584 βοηθέειν

128 1594 179 1655 τόν
195 1597 307 1656 Γέλωνα
326 1599 402 1655 τοῖσι
415 1594 551 1671 Ἕλλησι,
567 1593 742 1673 οἶποπέμπειν
757 1601 783 1657 ἐς
797 1598 931 1671 Δελφούς

83 1684 184 1744 166τᾶ
197 1686 337 1762 χρήματα.
370 1683 447 1761 Πριίς
461 1685 491 1743 δὲ
504 1685 550 1743 καὶ
562 1684 628 1743 τάδε
638 1687 762 1765 λέγουσι,
776 1683 810 1746 οἷς
820 1687 930 1762 συνέβη

128 1775 178 1846 τῆς
205 1771 289 1847 αὐτῆς
315 1772 420 1848 ἡμέρης
446 1774 474 1831 έν
497 1798 528 1832 τε
550 1778 585 1850 τῇ
609 1773 722 1851 Σικελίῃ
747 1773 857 1830 Γέλωνα
882 1777 930 1834 καὶ

129 1857 245 1933 Θήρωνα
267 1863 345 1918 νικᾶν
371 1858 509 1935 ’Λμίλκαν
534 1859 583 1920 τόν
607 1860 808 1939 Καρχηδόνιον,
832 1861 877 1918 καὶ
899 1867 930 1920 ἐν

129 1946 269 2022 Σαλαμῖνι
280 1945 496 2021 τούςἜλληνας
508 1947 557 2007 τὸν
571 1949 697 2024 Πέρσην·
718 1946 766 2007 τόν
783 1947 811 2005 δὲ
828 1945 930 2023 Ἀμίλ-

129 2059 179 2093 καν
201 2033 395 2113 Καρχηδόνιον
419 2034 499 2094 ε’όντα
520 2035 590 2112 πρός
611 2035 715 2111 πατρὸς
736 2035 874 2112 μητρόθεν
897 2037 930 2096 δὲ

129 2123 326 2199 Συρηκούσιον,
353 2122 568 2199 βασιλεύσαντά
598 2150 629 2182 τε
656 2123 713 2181 κατ’
741 2122 930 2203 ἀνδραγαθίην

128 2210 334 2289 Καρχηδονίων,
363 2211 398 2272 οἷς
423 2208 442 2284 ἡ
470 2209 607 2285 συμβολή
632 2235 663 2268 τε
690 2212 793 2289 ἐγίνετο
821 2212 866 2269 καὶ
892 2213 930 2277 ὦς

129 2300 249 2355 ἑσσοῦτο
270 2300 305 2374 τῇ
328 2296 415 2373 μάχῃ,
438 2295 629 2371 ἀφανισθῆναι
652 2298 835 2374 πυνθάνομαι·
864 2299 930 2361 ούτε

126 2384 181 2462 γὰρ
202 2384 290 2453 ζῶντα
310 2382 373 2442 οὔτε
392 2381 569 2442 ἀποθανόντα
589 2388 710 2459 φανῆναι
730 2384 851 2461 οὐδαμοῦ
864 2392 928 2467 γῆς·

81 2471 180 2530 167τὸ
201 2475 257 2529 πᾶν
272 2471 326 2550 γοίρ
347 2471 505 2539 ἐπεξελθεῖν
523 2470 666 2547 διζήμενον
683 2475 803 2532 Γέλωνα.
840 2474 928 2538 Ἔστι

128 2558 158 2618 δὲ
177 2557 222 2618 ὕπ’
243 2557 332 2618 αὐτῶν
352 2558 551 2638 Καρχηδονίων
571 2558 617 2619 ὅδε
638 2559 653 2619 ὁ
673 2561 758 2641 λόγος
775 2562 929 2642 λεγόμενος

128 2645 212 2706 εἰκότι
224 2648 393 2725 χρεωμένων,
403 2645 437 2710 ὦς
451 2650 478 2706 οἰ
489 2648 541 2724 μὲν
554 2647 700 2725 βάρβαροι
712 2654 789 2708 τοῖσι
797 2649 928 2726 Ἕλλησι

127 2739 158 2794 έν
180 2737 216 2812 τῇ
240 2735 353 2813 Σικελίῃ
376 2733 512 2812 ε’μιίχοντο
534 2736 566 2805 ἐξ
584 2735 652 2812 ἠοῦς
673 2736 821 2814 ἀρξάμενοι
841 2738 928 2817 μέχρι

127 2821 220 2897 δείλης
245 2821 336 2899 ὀψίης·
357 2822 414 2901 (ἐπὶ
440 2828 560 2883 τοσοῦτο
586 2824 641 2903 γιίρ
669 2825 780 2906 λέγεται
808 2825 927 2889 ἑλκύσαι

119 2910 174 2986 τήν
193 2909 360 2993 σύστασιν)
382 2909 398 2972 ὁ
420 2912 450 2970 δὲ
467 2911 603 2990 Ἀμίλκας
625 2917 654 2970 ἐν
675 2912 762 2991 τούτῳ
779 2916 817 2991 τῷ
834 2912 927 2995 χρόνῳ

101 3000 204 3072 μένων
224 3006 256 3063 ἕν
281 3005 321 3086 τῷ
345 3002 534 3085 στρατοπέδῳ
556 2999 652 3062 ἐθύετο
676 3001 722 3057 καλ
745 3003 935 3072 ὶκαλδειηὲετο,

92 3086 143 3144 ε’πί
159 3096 261 3171 πυρῆς
278 3096 419 3181 μεγάλης
439 3095 569 3176 σώματα
587 3091 647 3153 ὅλα
664 3082 902 3182 καταγίζων,ἰδδη
918 3085 958 3138 λῗε

79 3181 204 3256 τροπήν
221 3189 288 3249 τῶν
304 3192 422 3254 ἑωυτοῦ
443 3184 624 3275 γινομένην,
642 3179 679 3243 ὡς
694 3177 788 3275 ’ἔτυχε1
798 3165 976 3265 ἒπισηευῖςων

65 3263 160 3326 '⁰3⁰‘
181 3273 297 3352 ἷΡΟἳσι,
317 3281 385 3346 ὦσε
409 3280 531 3347 ἑωυτὸν
554 3283 584 3344 ἐς
602 3272 643 3336 τδ
659 3271 733 3342 νῶθ’
760 3275 838 3315 ‘'W’'
851 3249 895 3316 δη
914 3267 979 3297 mc
