2024 3450
136 106 167 154 ιο
435 104 625 155 .·ιιυοκουου
887 107 932 172 [V.

135 186 246 265 τιινηΐῳ,
263 185 312 245 καί
328 210 378 262 μιν
399 184 495 261 ἵδρυσε
513 186 631 247 ἐνθαῦτα
649 192 679 248 ἐν
692 191 731 266 τῷ
750 187 934 270 ἰσχυροτάτῳ·

136 274 293 355 ἐπηγάγετο
313 274 343 333 δὲ
361 273 412 335 τδν
431 274 620 335 Μελάνιππον
639 275 655 335 ὁ
673 276 855 353 Κλεισθένης,
876 281 933 357 (καὶ

135 362 189 442 γάρ
214 367 297 422 τοῦτο
317 363 360 422 δεῖ
384 360 610 444 α’πηγήσασθαι,)
632 363 668 427 ώς
695 365 827 443 ἔχθιστον
854 365 933 427 ἐόντα

135 447 290 530 Ἀδρήστῳ·
314 450 346 514 ὃς
365 450 414 511 τόν
433 477 465 511 τε
486 449 626 526 ἀδελφεόν
646 455 673 510 οἱ
695 453 845 528 Μηκιστέα
867 452 933 512 άπε·

135 537 229 598 κτόνεε
250 538 295 597 καὶ
314 537 365 600 τόν
384 538 517 619 γαμβρόν
541 538 639 597 Τυδέα·
668 539 730 598 ἐπεί
748 565 780 600 τε
800 540 832 600 δέ
850 543 878 601 οἶ
900 541 933 603 τά

134 625 246 702 τέμενος
272 626 395 700 ἀπέδεξε,
425 627 524 688 θυσίας
546 651 577 684 τε
601 627 646 684 καὶ
670 625 753 703 ὁρτάς
775 625 933 704 Ἀδρήστου

133 712 308 795 ἀπελόμενος
321 715 402 774 ἔδωκε
417 719 456 793 τῷ
473 716 660 793 Μελανίππῳ.
702 717 728 773 οἱ
741 714 771 773 δὲ
789 715 932 779 Σικυώνιοι

134 801 257 862 ε’ώθεσαν
274 803 438 882 μεγαλωστὶ
456 801 543 878 κάρτα
560 807 644 878 τιμᾶν
661 802 710 862 τόν
722 800 893 879 Ἄδρηστον·
914 805 933 880 ή

134 890 188 968 γάρ
211 889 289 968 χώρη
311 889 346 966 ἦν
366 887 436 964 αὕτη
457 887 606 964 Πολύβου·
635 889 651 948 ό
674 889 704 949 δὲ
718 887 878 967 Ἀδρηστος
898 890 933 968 ἦν
1003 916 1010 929 ·

135 977 277 1054 Πολύβου
293 977 480 1058 θυγατριδέος·
501 976 585 1040 ἅπαις
598 978 627 1036 δὲ
643 977 781 1053 Πόλυβος
795 983 933 1038 τελευτῶν

134 1062 206 1122 διδοῖ
229 1064 375 1145 Ἀδρήστῳ
400 1064 452 1140 τήν
481 1063 579 1142 άρχήν.
620 1064 656 1123 τά
682 1090 713 1124 τε
740 1065 773 1140 δή
800 1064 878 1125 ἄλλα
905 1069 933 1126 οἶ

134 1151 278 1213 Σικυώνιοι
299 1153 398 1229 ἐτίμων
416 1153 466 1212 τόν
480 1152 649 1229 Ἀδρηστον,
675 1153 721 1211 καὶ
742 1153 776 1229 δή
795 1153 873 1230 πρός,
895 1151 932 1214 τά

132 1237 224 1299 πάθεα
243 1240 328 1300 αὐτοῦ
342 1245 502 1321 τραγικοῖσι
517 1243 631 1319 χοροῖσι
649 1241 799 1321 ἐγέραιρον,
811 1241 862 1301 τόν
879 1245 931 1319 μὲν

132 1327 272 1390 Διόνυσον
293 1329 325 1389 ού
345 1330 496 1407 τιμέοντες,
522 1330 573 1389 τόν
600 1328 629 1388 δὲ
646 1328 816 1407 Ἀδρηστον·
845 1335 929 1388 Κλει-

133 1417 235 1494 σθένης
254 1417 284 1477 δὲ
303 1418 405 1498 χορούς
417 1421 469 1493 μὲν
481 1421 520 1496 τῷ
534 1416 663 1496 Διονύσῳ
678 1415 810 1486 άπέδωκε,
828 1416 881 1492 τήν
899 1418 930 1478 δέ

131 1503 224 1582 ἄλλην
238 1507 337 1583 θυσίην
350 1511 387 1586 τιξ
401 1506 587 1584 Μελανίππῳ.
628 1509 716 1564 ταῦτα
727 1507 779 1581 μὲν
792 1509 819 1566 ἐς
828 1504 929 1582 Ἀδρη-

85 1591 123 1650 68
132 1592 201 1653 στόν
214 1597 242 1654 οἱ
253 1596 398 1672 πεποίητο.
428 1594 523 1658 Φυλάς
536 1593 625 1656 δὲτὰς
636 1594 771 1670 Δωριέων,
783 1593 827 1652 ἵνα
840 1591 874 1668 δή
886 1592 929 1669 μή

131 1683 160 1741 αἱ
173 1681 254 1742 αὐτοὶ
267 1684 333 1742 ἔωσι
345 1686 421 1743 τοῖσι
430 1683 605 1746 Σικυωνίοισι
618 1681 664 1739 καὶ
676 1684 753 1740 τοῖσι
765 1678 927 1760 Ἀργείοισι,

129 1771 272 1845 μετέβαλε
293 1774 321 1832 ές
341 1769 418 1828 ἅλλα
445 1769 593 1844 οὐνόματα·
629 1769 694 1827 ἔνθα
721 1768 766 1825 καὶ
792 1771 929 1829 πλεῖστον

131 1855 304 1934 κατεγέλασε
312 1860 372 1914 τοῖν
390 1856 552 1918 Σικυωνίων·
575 1855 621 1914 ἐπὶ
633 1854 689 1934 γάρ
703 1854 749 1916 ὑός
762 1879 793 1913 τε
807 1856 853 1914 καὶ
863 1853 929 1916 όνου

129 1941 180 2004 τάς
190 1941 343 2018 ἐπωνυμίας
352 1942 516 2017 μετατιθεὶς,
524 1940 594 2002 αὐτὰ
603 1941 640 2000 τοὶ
649 1945 795 2001 τελευταῖα
803 1944 930 2019 ἐπέθηκε,

129 2028 206 2105 πλήν
225 2032 276 2106 τῆς
296 2033 396 2089 ἑωυτοῦ
417 2032 520 2105 φυλῆς·
543 2027 630 2106 ταύτῃ
648 2028 677 2089 δὲ
695 2028 728 2088 τδ
748 2027 852 2106 οὔνομα
870 2029 928 2091 άπό

128 2121 179 2194 τῆς
199 2121 300 2178 ἑωυτοῦ
319 2117 408 2196 ἀρχῆς
428 2116 514 2175 ἔθετο.
557 2113 633 2177 οὗτοι
652 2119 704 2193 μὲν
724 2117 758 2192 δή
777 2117 929 2196 Ἀρχέλαοι

130 2207 287 2266 ἐκαλέοντο·
317 2206 404 2280 ἐτεροι
425 2205 462 2274 δὲ,
483 2202 590 2262 Ὑιῖτοι·
622 2203 708 2263 ἄλλοι
728 2205 766 2273 δὲ,
787 2205 927 2267 Ὀνεᾶται·

130 2293 218 2370 ἕτεροι
236 2293 266 2351 δὲ
285 2295 446 2368 Χοιρεᾶται.
486 2289 613 2351 τούτοισι
628 2295 704 2350 τοῖσι
721 2290 857 2365 οὐνόμασι
873 2300 929 2356 τῶν

130 2380 241 2455 φυλέων
259 2381 392 2458 ἐχρέωντο
410 2382 438 2438 οἱ
456 2377 600 2443 Σικυώνιοι
618 2378 664 2436 καὶ
683 2378 728 2436 ἐπὶ
742 2381 930 2446 Κλεισθένεος

131 2466 274 2546 ἄρχοντος,
284 2467 330 2525 καὶ
340 2467 443 2526 ἐκείνου
453 2467 600 2528 τεθνεῶτος
609 2466 650 2536 ἐτι
661 2463 703 2524 ἐπ’
713 2465 775 2524 ἐτεα
785 2464 928 2541 ἐξήκοντα·

128 2556 277 2632 μετέπειτα
292 2555 388 2631 μέντοι
404 2553 493 2635 λόγον
506 2554 594 2631 σφίσι
612 2553 712 2624 δόντες,
725 2553 887 2632 μετέβαλον
902 2564 929 2622 ἐς

128 2642 193 2705 τούς
204 2641 325 2705 Ὑλλέας
339 2641 384 2700 καὶ
398 2642 576 2719 Παμφύλους
586 2643 632 2702 καὶ
642 2641 819 2720 Δυμανάτας·
831 2645 928 2723 τετάρ-

128 2755 193 2793 τους
202 2729 232 2801 δὲ
244 2730 356 2790 αὐτοῖσι
366 2730 538 2808 προσέθεντο
549 2731 594 2791 ἐπὶ
603 2735 654 2792 τοῦ
663 2730 820 2810 Ἀδρήστου
828 2734 928 2798 παιδός

128 2818 286 2898 Αἰγιαλέος,
320 2818 372 2894 τήν
399 2819 554 2896 ἐπωνυμίην
583 2819 742 2896 ποιεύμενοι
771 2823 928 2897 κεκλῆσθαι

128 2906 289 2986 Αἰγιαλέας.

81 2993 118 3052 69
169 2997 262 3053 Ταῦτα
269 2994 321 3071 μέν
329 3021 377 3055 νυν
386 2993 403 3054 ό
413 2994 559 3058 Σικυώνιος
570 2996 745 3072 Κλεισθένης
756 2997 927 3072 ἐπεποιήκεε.

128 3083 144 3144 ὁ
165 3085 194 3144 δὲ
211 3083 246 3159 δή
266 3082 412 3160 Ἀθηναῖος
432 3086 615 3160 Κλεισθένης,
638 3084 688 3144 ἐών
707 3091 758 3145 τοῦ
779 3087 928 3149 Σικυωνίου

474 3173 482 3195 ἱ
526 3173 534 3194 λ
571 3173 583 3194 Π
680 3178 687 3198 ἱ

117 3172 222 3239 τούτου
235 3173 419 3256 θυγατριδέος
437 3200 484 3233 και
502 3200 535 3235 το
552 3198 660 3250 ουνομα
677 3174 725 3232 επὶ
737 3172 837 3232 τούτου
851 3175 932 3250 έχων,

99 3253 213 3320 δοκέειν
223 3263 299 3338 ἐμοὶ,
315 3264 366 3325 καὶ
379 3262 467 3330 οὗτος
477 3263 619 3344 ὑπεριδών
626 3260 797 3330 Ἴωνας,ἷνα
809 3257 848 3333 μή
858 3265 950 3330 σφισι.
