2024 3450
100 97 242 162 1³0-137]
445 96 560 144 υτιυιι.
856 101 902 148 11⁵

101 177 134 234 οὐ
153 181 258 253 Τιμοῦν
277 175 346 234 εἶναι
366 173 419 250 την
437 176 527 248 αἰτίην
545 176 657 247 τούτων,
676 175 754 236 άλλά
772 175 829 238 δεῖν
848 178 904 258 γάρ

102 263 260 324 Μιλτιάδεα
279 265 412 322 τελευτᾶν
432 262 472 339 μὴ
495 262 533 335 εὖ,
551 265 677 340 φανῆναί
693 268 719 323 οἶ
737 269 792 324 τῶν
814 271 904 325 κακῶν

102 351 287 432 κατηγεμόνα·
323 351 458 426 Παρίοισι
471 355 523 428 μὲν
537 352 571 426 δη
584 355 672 411 ταῦτα
685 351 703 428 η’
718 354 810 429 Πυθίη
824 355 902 433 ἐχρη-

102 465 146 499 σε.
186 439 331 515 Ἀθηναῖοι
345 439 373 498 δέ
387 444 417 498 ἐκ
433 440 531 516 Πάρου
548 440 706 498 Μιλτιάδεα
727 438 882 517 άπονοστή-
894 443 950 500 136

102 554 193 588 σαντα
211 528 298 606 ἐσχον
317 531 346 586 ἐν
365 526 491 605 στόμασι
510 527 539 585 οἶ
555 553 586 587 τε
606 526 692 586 άλλοι
711 527 757 584 καὶ
776 528 904 603 μάλιστα

102 615 265 679 Ξάνθιππος
278 614 295 674 ὅ
308 615 484 691 Ἀρίφρονος·
507 614 537 677 ὃς
552 614 671 675 θανάτου
684 614 835 695 ὗπαγαγιδν
849 615 903 676 find

102 704 152 764 τόν
171 704 260 780 δῆμον
274 703 432 762 Μιλτιάδεα
453 703 546 761 ἐδίωκε
561 707 611 778 τῆς
623 701 777 777 Ἀθηναίων
797 701 905 778 α’πάτης

103 791 213 851 εἵνεκεν·
235 789 393 864 Μιλτιάδης
415 790 444 849 δέ
467 789 548 853 αὐτός
568 793 620 867 μέν
641 788 750 866 παρεων
770 788 820 849 οὐκ
838 788 904 848 α’πε-

103 881 231 960 λσγέετο·
260 877 295 954 ἦν
320 878 375 959 γάρ
403 877 535 942 άδιίνατος
562 878 636 938 ὥστε
663 879 826 955 σηπομένου
853 881 904 938 τοῦ

103 971 203 1044 μηροῦ·
224 967 405 1044 προκειμένου
424 967 453 1026 δὲ
475 968 559 1028 αὐτοῦ
579 973 608 1027 ἐν
626 969 707 1046 κλίνη
728 966 914 1044 ιῖπεραπολα·

104 1056 201 1135 γέοντο
223 1058 249 1113 οἶ
273 1057 363 1130 φίλοι,
385 1059 434 1131 τῆς
454 1056 547 1135 μάχης
570 1082 600 1116 τε
624 1060 673 1132 τῆς
698 1061 727 1115 ἐν
750 1057 905 1133 Μαραθῶνι

104 1145 252 1222 γενομένης
275 1142 371 1202 πολλά
397 1146 612 1221 ἐπιμεμνημένοι
638 1145 684 1203 καὶ
711 1144 762 1220 την
789 1144 905 1220 Λήμνου

105 1231 220 1308 αἵρεσιν,
235 1230 270 1294 ὦς
284 1231 355 1290 ἐλιδν
369 1232 484 1307 Λῆμνόν
497 1259 528 1291 τε
542 1232 588 1289 καὶ
605 1232 755 1308 τισάμενος
771 1231 835 1294 τούς
850 1238 905 1290 Πε-

105 1319 231 1398 λασγοῦς
248 1318 390 1395 παρέδωκε
403 1317 588 1393 Ἀθηναίοισι.
629 1318 856 1398 προσγενομένου
876 1317 905 1375 δέ

105 1410 156 1463 τοῦ
179 1405 268 1480 δήμου
290 1403 363 1481 αὐτῷ
385 1405 455 1462 κατά
476 1406 528 1479 τὴν
550 1405 691 1464 ἀπόλυσιν
708 1408 758 1462 τοῦ
778 1402 905 1474 θανάτου,

107 1490 297 1565 ζημιώσαντος
311 1491 340 1547 δὲ
354 1490 424 1547 κατά
433 1489 486 1564 τήν
500 1490 607 1564 άδικίην
621 1489 792 1563 πεντήκοντα
805 1490 906 1549 ταλάν-

107 1599 192 1644 τοισι,
206 1575 363 1651 Μιλτιάδης
375 1579 427 1650 μὲν
439 1576 510 1651 μετά
523 1579 610 1633 ταῦτα
629 1575 857 1651 σφακελίσαντός
876 1603 906 1636 τε

107 1665 158 1719 τοῦ
176 1665 267 1738 μηροῦ
288 1662 334 1720 καὶ
355 1663 492 1725 σαπέντος
505 1664 629 1740 τελευτᾷ,
643 1664 679 1721 τά
692 1663 721 1720 δέ
735 1662 905 1738 πεντήκοντα

107 1748 232 1808 τάλαντα
253 1750 359 1819 ἐξέτισε
380 1749 395 1808 ὁ
415 1749 480 1812 πάϊς
500 1749 585 1807 αὐτοῦ
606 1751 712 1826 Κίμων.

148 1841 264 1914 Λῆμνον
278 1838 307 1897 δὲ
320 1836 478 1914 Μιλτιάδης
492 1837 507 1898 ὁ
524 1837 652 1913 Κίμωνος
666 1835 718 1897 ὧδε
731 1839 807 1918 ἔσχε·
829 1842 959 1901 Ile-137,

108 1927 222 2008 λασγοὶ,
238 1927 299 1986 ἐπεί
314 1953 344 1986 τε
363 1931 393 1985 ἐκ
412 1931 461 2002 τῆς
474 1926 602 2002 Ἀττικῆς
621 1926 676 1987 find
694 1925 848 2003 Ἀθηναίων
867 1927 907 1998 ἐξ·

109 2015 284 2092 εβλήθησαν,
304 2017 358 2075 εἴτε
379 2014 416 2075 ὦν
436 2015 470 2092 δη
491 2016 599 2078 δικαίως
621 2016 675 2076 εἴτε
696 2015 804 2078 άδίκως·
824 2021 907 2075 τοῦτο

107 2104 162 2183 γάρ
181 2104 231 2164 οὐκ
247 2105 300 2183 ἐχω
319 2104 430 2182 φράσαι
450 2104 526 2180 πλὴν
544 2103 580 2163 τά
597 2103 746 2184 λεγόμενα·
767 2102 810 2162 ὅτι
827 2103 907 2162 Ἑκα-

107 2197 184 2255 ταῖος
204 2195 256 2271 μέν
277 2193 293 2253 ὁ
314 2192 512 2274 Ἡγησάνδρου
535 2193 625 2268 ἔφησε
647 2197 676 2252 ἐν
696 2194 773 2251 τοῖσι
793 2190 908 2272 λόγοισι

108 2281 198 2361 λέγων
211 2281 318 2344 άδίκως·
340 2282 401 2340 ἐπεί
412 2307 442 2341 τε
455 2281 511 2362 γάρ
527 2281 592 2340 ἰδεῖν
604 2280 668 2343 τοῦς
680 2278 844 2355 Ἀθηναίους
857 2279 908 2354 την

108 2369 209 2445 χώρην,
222 2368 274 2444 τήν
287 2375 375 2444 σφισι
389 2369 500 2430 αὐτοῖσι
512 2368 568 2428 ὑπὸ
582 2368 631 2428 τόν
643 2365 792 2445 Ὑμησσὸν
806 2371 908 2427 ἐοῦσαν

110 2456 210 2514 ἔδοσαν
234 2460 347 2531 οἰκῆσαι
367 2457 472 2534 μισθόν
494 2459 544 2516 τοῦ
567 2455 672 2533 τείχεος
695 2458 746 2515 τοῦ
769 2455 834 2531 περὶ
856 2454 908 2530 τήν

109 2541 262 2619 άκράπολίν
283 2569 346 2602 κοτε
368 2544 550 2621 ἐληλαμένου·
577 2542 680 2619 ταύτην
702 2541 737 2606 ὥς
759 2542 824 2602 ἰδεῖν
844 2541 908 2606 τούς

109 2628 272 2705 Ἀθηναίους
286 2631 489 2710 ἐξεργασμένην
503 2630 540 2701 εὖ,
554 2630 605 2706 την
618 2629 755 2708 πρότερον
772 2629 841 2690 εἶναι
861 2656 908 2689 κα-

110 2716 161 2793 κήν
173 2742 204 2776 τε
218 2716 326 2777 καὶτοῦ
338 2718 456 2793 μηδενός
469 2717 555 2794 α’ξίην,
571 2719 673 2794 λαβεῖν
688 2717 796 2794 φθόνον
812 2745 843 2779 τε
862 2720 908 2778 καὶ

111 2805 205 2882 ἵμερον
217 2809 267 2881 τῆς
279 2809 340 2886 γῆς,
355 2807 400 2863 καὶ
414 2804 485 2866 οὕτω
499 2805 653 2876 ἐξελαύνειν
666 2805 766 2869 αὖτούς
779 2806 909 2883 οὐδεμίαν

110 2891 202 2969 άλλην
225 2893 372 3002 πρόφασιν
398 2894 620 2971 προϊσχομένους
645 2893 710 2956 τοῦς
735 2892 908 2968 Ἀθηναίους.

111 3007 146 3048 ως
169 2980 252 3040 δὲ’
218 2981 297 3041 αυτοὶ
318 2980 463 3057 Ἀθηναῖοι
486 2981 612 3061 λέγουσι,
634 2979 742 3042 δικαίως
766 2978 910 3047 ἐξελάσαι

109 3069 323 3146 κατοικημένους
343 3068 399 3153 γάρ
420 3068 487 3183 τρδς
496 3065 707 3151 Πελαογους
694 3090 755 3124 mm
735 3061 937 3134 τῖυἽΨῬ·

101 3178 152 3230 σν),
134 3156 328 3219 ἐνθεῦτεν
312 3160 521 3241 ορμεωμὲνους
534 3157 660 3221 ιἰδικέειν
674 3152 755 3214 τάδε·
779 3144 892 3218 <ww
905 3155 990 3222 Ῥδ

93 3264 135 3297 ⁰⁴
128 3265 148 3296 ι
165 3241 390 3328 Ταςσφῑτέρας
415 3250 530 3334 θυγαιι
506 3275 593 3328 ἐρας
606 3272 642 3306 τε
658 3242 799 3302 ammom
810 3216 957 3284 ’πὼς
950 3229 990 3262 ⁰³
