2024 3450
107 89 246 172 ιιι-ιιι]
419 110 603 156 ιιοιυιιυιι.
856 111 904 157 193

107 188 290 264 ἐβουλεύοντο
304 187 374 265 πρός
388 187 425 246 τοὶ
437 189 574 266 λεχθέντα
590 187 621 256 ἐξ
632 186 826 265 Ἀλεξάνδρου,
841 185 860 267 ᾖ
873 215 904 248 τε

106 276 260 352 στήσονται
280 276 329 335 τάν
351 274 478 351 πόλεμον
502 276 548 333 καὶ
569 279 598 332 ἐν
617 276 704 334 οἵοισι
730 277 858 354 χώροισι·
884 277 904 352 ή

106 368 210 422 νικῶσα
237 364 266 422 δὲ
292 362 389 444 γνώμη
421 363 537 442 ἐγένετο,
566 362 617 437 τήν
643 367 672 421 ἐν
699 364 902 442 Θερμοπύλῃσι

106 451 235 527 ἐσβολήν
254 451 388 525 φυλάξαι·
413 450 573 525 στεινοτέρη
595 448 650 528 γάρ
671 451 800 524 ἐφαίνετο
816 455 904 510 ἐοῦσα

105 543 155 615 τῆς
168 544 195 601 ἐς
208 539 381 613 Θεσσαλίην,
396 538 441 612 καὶ
454 538 514 612 μία,
529 535 668 617 άγχοτέρη
684 562 714 594 τε
727 541 777 612 τῆς
791 541 904 597 έωυτῶν·

105 626 156 700 τήν
170 625 199 684 δὲ
213 622 339 700 άτραπὸν
352 622 385 682 δι’
399 623 434 698 ἣν
452 622 568 698 ἥλωσαν
589 625 616 680 οἱ
633 620 748 684 άλόντες
762 621 906 697 Ἑλλήνων

107 718 136 771 ἐν
149 712 360 789 Θερμοπύλῃσι,
376 709 444 777 οὐδὲ,
453 709 558 790 ᾔδεσαν
571 713 673 769 ἐοῦσαν
685 708 821 787 πρότερον
833 709 906 787 ἤπερ

107 797 271 874 ἀπικόμενοι
304 803 332 861 ἐς
365 799 565 875 Θερμοπύλας·
583 797 718 860 ἐπύθοντο
745 798 905 877 Τρηχινίων·

107 885 209 961 ταύτην
223 885 260 945 ὦν
273 884 480 963 ἐβουλεύσαντο
494 886 692 961 φυλάσσοντες
704 886 755 964 τήν
768 885 905 963 ἐσβολήν,

107 972 147 1048 μή
164 974 290 1052 παριέναι
308 978 336 1037 ἐς
349 973 401 1048 τήν
418 973 546 1034 Ἐλλάδα
565 974 614 1034 τάν
633 974 792 1053 βάρβαρον·
813 975 863 1035 τάν
876 975 907 1033 δὲ

108 1061 233 1121 ναυτικὸν
253 1060 374 1139 στρατόν
394 1063 490 1123 πλέειν
508 1067 561 1143 γῆς
580 1067 632 1138 τῆς
645 1063 841 1126 Ἱστιαιώτιδος
859 1064 904 1122 ἐπὶ

106 1147 292 1225 Ἀρτεμίσιον·
321 1154 409 1211 ταῦτα
431 1151 486 1232 γάρ
513 1150 604 1233 οἷγχοῦ
626 1178 657 1211 τε
679 1150 814 1227 ἀλλήλων
835 1153 904 1222 ἐστὶ,

108 1235 179 1297 ὥστε
196 1237 385 1299 πυνθάνεσθαι
405 1239 441 1299 τά
462 1239 532 1298 κατά
553 1241 696 1316 ἑκατέρους
716 1239 804 1304 ἐόντα.
847 1240 951 1300 Οἵ176

105 1349 137 1384 τε
148 1331 235 1405 χῶροι
249 1326 335 1398 οὕτως
348 1328 454 1404 έχουσι·
470 1331 554 1386 τοῦτο
567 1329 625 1401 μὲν,
637 1327 671 1385 τά
683 1325 861 1402 Ἀρτεμίσιον
874 1331 904 1384 ἐκ

105 1416 156 1471 τοῦ
173 1414 311 1494 πελάγεος
330 1418 380 1472 τοῦ
396 1414 529 1490 Θρηϊκίου
549 1413 580 1480 ἐξ
600 1411 691 1488 εύρέος
709 1411 859 1491 συνάγεται
878 1417 905 1476 ἐς

107 1500 216 1559 στεινόν
234 1500 329 1576 πόρον,
345 1499 395 1559 τάν
413 1498 517 1575 μεταξύ
536 1497 615 1557 ε’όντα
633 1497 722 1572 νήσου
736 1523 766 1556 τε
784 1497 905 1562 Σκιάθου

107 1586 153 1644 καὶ
179 1586 294 1663 ἠπείρου
322 1587 499 1666 Μαγνησίης·
535 1589 565 1644 ἐκ
589 1584 618 1643 δὲ
643 1588 694 1643 τοῦ
721 1589 830 1645 στεινοῦ
855 1591 905 1661 τῆς

106 1672 232 1748 Εὐβοίης
244 1673 297 1749 ἤδη
311 1673 343 1732 τά
357 1672 536 1750 Ἀρτεμίσιον
549 1672 654 1731 δέκεται
668 1672 804 1751 αἰγιαλός·
825 1677 853 1733 ἐν
867 1672 904 1744 δέ,

107 1758 268 1837 Ἀρτέμιδος
291 1763 358 1835 ἱρον.
399 1759 465 1835 ἡδὲ
483 1758 518 1818 οὗ
542 1759 586 1818 διά
604 1762 740 1837 Τρηχῖνος
760 1760 856 1823 ἔσοδος
877 1765 905 1824 ἐς

107 1846 159 1922 τήν
177 1847 305 1906 Ἑλλάδα
326 1849 394 1917 ἔστι,
414 1851 450 1926 τῇ
471 1846 642 1922 στεινοτάτη,
663 1846 845 1925 ἡμίπλεθρον·
872 1849 905 1908 ού

106 1937 202 2011 μέντοι
216 1935 286 1995 κατά
299 1935 382 1995 τοῦτό
394 1934 422 2016 γ’
438 1937 499 1995 ἔστι
511 1935 544 2011 τὰ
561 1935 737 1996 στεινάτατον
749 1939 799 2011 τῆς
814 1936 906 2015 χώρης

106 2027 157 2098 τῆς
182 2024 280 2100 άλλης,
308 2021 374 2082 ἄλλ’
401 2023 545 2100 ἔμπροσθέ
570 2048 601 2081 τε
632 2024 834 2099 Θερμοπυλέων
860 2025 905 2082 καὶ

107 2111 218 2173 ὄπισθε·
254 2111 324 2171 κατά
343 2137 374 2171 τε
399 2110 557 2187 Ἀλπηνούς
579 2109 680 2170 ὄπισθε
700 2110 794 2173 ἐόντας
818 2114 906 2170 ἐοῦσα

107 2198 241 2275 οἶμαξιτὸς
260 2199 357 2278 μούνη,
379 2200 425 2258 καὶ
444 2200 587 2276 ἔμπροσθε
604 2198 674 2257 κατὰ
690 2198 804 2258 Φοίνικα
819 2224 903 2258 ποτα-

106 2287 168 2364 μὸν,
183 2288 274 2368 ἀγχοῦ
287 2286 429 2364 Ἀνθηλῆς
441 2285 548 2360 πόλιος,
563 2284 697 2363 άμαξιτός
712 2284 789 2362 άλλη
805 2286 902 2364 μούνη.

106 2379 161 2435 τών
175 2376 213 2434 -δὲ
237 2376 440 2454 Θερμοπυλέων
463 2374 496 2435 τά
518 2377 571 2453 μὲν
592 2373 664 2451 πράς
689 2375 815 2452 ἑσπέρης,
841 2373 905 2452 ὅρος

107 2460 216 2537 άβατάν
238 2489 269 2522 τε
290 2464 335 2520 καὶ
356 2461 543 2539 άπάκρημνον,
560 2461 689 2541 Ᾰύψηλδν,
712 2462 854 2523 ἀνατεῖνον
878 2469 905 2526 ἐς

107 2549 158 2623 τήν
175 2550 271 2623 Οἴτην·
291 2549 371 2608 τὰδὲ
389 2550 458 2627 πρὸς
478 2550 530 2624 τήν
547 2548 588 2625 ἠῶ
609 2554 660 2626 τῆς
675 2550 749 2623 ὁδοῦ,
769 2549 904 2610 θάλασσα

107 2634 269 2694 ύποδέκεται
285 2637 330 2694 καὶ
345 2635 472 2718 τενάγεα·
493 2639 553 2696 ἐστι
571 2637 601 2696 δέ
618 2642 647 2698 ἐν
662 2641 701 2717 τῇ
716 2636 804 2716 ἐσόδῳ
819 2637 906 2716 ταύτῃ

108 2723 196 2801 θερμοὶ
216 2723 330 2800 λουτρά,
351 2721 387 2783 τά
407 2723 533 2801 Χύτρους
553 2724 687 2783 καλέουσι
707 2728 733 2783 οἱ
754 2725 903 2803 ἐπιχώριοι,

107 2814 153 2872 καὶ
169 2810 268 2890 βωμδς
286 2811 392 2890 ἵδρυται
403 2812 560 2890 Ἡρακλέος
576 2810 617 2871 ἐπ’
631 2810 752 2872 αύτοῖσι·
773 2812 905 2889 ἐδέδμητο

106 2901 136 2960 δὲ
160 2905 253 2981 τεῖχος
280 2899 351 2959 κατὰ
378 2898 479 2963 ταύτας
504 2899 553 2962 τάς
579 2898 714 2975 ἐσβολάς,
741 2899 787 2956 καὶ
813 2899 846 2958 τό
871 2923 906 2978 γε

107 2989 228 3049 παλαιάν
240 2986 329 3048 πύλαι
343 2991 461 3065 ἐπῆσαν·
482 2986 591 3064 ἔδειμαν
604 2987 635 3046 δὲ
650 2987 756 3047 Φωκέες
768 2985 801 3044 τὰ
814 2988 907 3062 τεῖχος

107 3074 255 3147 δείσαντες,
269 3076 329 3135 ἐπεὶ
342 3075 490 3136 Θεσσαλοὶ
501 3074 592 3151 ἦλθον
605 3079 635 3132 ἐκ
645 3076 820 3148 Θεσπρωτῶν
833 3072 909 3143 αἰκά-

108 3187 205 3225 σοντες
217 3167 271 3243 γῆν
284 3162 338 3240 τήν
350 3163 482 3238 Αἰολίδα,
495 3161 605 3240 τήνπερ
622 3165 673 3222 νῖιν
694 3159 844 3218 ἐκτέαται,
880 3153 959 3246 ἵετε.

99 3247 136 3320 ὅθ
168 3252 346 3327 πειρωμένων
381 3257 440 3324 τῶν
477 3253 650 3314 Θεσσαλῶν
690 3232 971 3314 καταστφὲᾧῑῦδω
