2024 3450
128 112 159 159 ιο
431 111 614 161 Ἧνοιονου
866 111 925 174 [vl.

128 191 197 267 δίην,
224 190 342 268 νεώτερα
372 191 498 269 ἔπρησσε
524 190 677 272 πρήγματα
703 190 839 254 συνιστάς
865 193 929 255 τούς

128 278 266 356 Ἀρκάδας
289 279 335 337 ἐπὶ
354 305 390 358 τῃ
412 279 535 358 Σπάρτη,
557 278 662 341 ἅλλους
678 305 709 339 τε
726 278 824 355 ὅρκους
840 306 930 357 προσ-

128 365 202 447 άγων
234 373 298 443 σφι,
325 367 344 443 ἦ
370 367 427 443 μῆν
461 368 583 445 έψεσθαί
611 373 703 441 σφεας
730 366 802 446 αύτῷ
828 371 864 446 τῇ
895 366 930 427 ἂν

129 454 269 535 ἐξηγῆται,
291 455 337 512 καὶ
358 455 391 530 δὴ
412 457 458 513 καὶ
478 461 505 518 ἐς
521 455 667 531 Νώνακριν
683 455 768 514 πόλιν
785 455 930 532 πρόθυμος

127 540 162 616 ἦν
172 547 227 602 τῶν
235 542 377 619 Ἀρκάδων
389 542 454 606 τούς
463 546 655 620 προεστεῶτας
664 541 786 622 οἷγινέων,
798 543 929 619 ἐξορκοῦν

129 628 162 688 τό
187 630 294 712 Στυγός
319 629 401 707 ὕδωρ.
442 629 484 711 [έν
505 629 640 706 δέταύτῃ
664 632 700 707 τῇ
721 629 790 688 πόλι
813 631 928 710 λέγεται

129 716 198 776 εἶναι
217 716 263 776 ὕπ’
280 717 423 795 Ἀρκάδων
441 717 474 778 τό
495 715 602 797 Στυγός
625 717 719 798 ὕδωρ]
760 717 806 775 καὶ
825 716 860 792 δη
882 719 928 776 καὶ

129 805 190 863 ἔστι
206 805 312 865 τοιόνδε
327 831 364 864 τι·
391 805 463 880 ὕδωρ
480 803 578 884 ὀλίγον
595 802 763 880 φαινόμενον
780 809 809 862 ἐκ
826 805 929 881 πέτρης

72 894 77 905 ’
129 890 226 961 στάζει
242 897 269 954 ε’ς
285 892 378 971 ἄγκος·
401 890 434 951 τό
452 891 481 950 δὲ
498 890 584 972 ἅγκος
600 894 735 968 αἱμασιῆς
750 917 792 954 τις
807 892 929 969 περιθέει

130 977 240 1040 κύκλος.
269 978 287 1053 ἡ
302 979 331 1037 δὲ
342 977 494 1054 Νώνακρις,
506 983 535 1037 ε’ν
547 982 583 1057 τῇ
596 978 614 1053 ἦ
628 978 705 1059 πηγὴ
718 976 787 1054 αὕτη
796 979 929 1060 τυγχάνει

82 1064 120 1127 75
130 1068 225 1134 εὀῦσα,
239 1065 322 1129 πόλις
341 1065 402 1124 ε’στὶ
415 1069 465 1141 τῆς
477 1064 624 1143 Ἀρκαδίης
642 1064 712 1141 πρός
725 1070 824 1143 Φενεῷ.
866 1072 928 1124 Μα-

130 1150 225 1214 θόντες
252 1152 282 1211 δὲ
304 1143 518 1229 Λακεδαιμόνιοι
542 1154 704 1230 Κλεομένεα
727 1157 815 1214 ταῦτα
838 1155 929 1231 πρήσ·

130 1266 226 1311 σοντα,
241 1244 363 1321 κατῆγον
376 1240 461 1301 αὐτόν
477 1241 618 1304 δείσαντες
631 1240 676 1299 ἐπὶ
689 1244 767 1300 τοῖσι
780 1241 891 1301 αύτοῖσι
902 1248 929 1307 ές

130 1327 263 1406 Σπάρτην
280 1333 357 1388 τοῖσι
376 1329 423 1387 καὶ
440 1328 577 1406 πρότερον
594 1328 673 1407 ἦρχε.
715 1328 929 1410 κατελθόνταὶδὲ

130 1415 214 1476 αὐτόν
228 1415 326 1476 αύτίκα
343 1415 472 1493 ύπέλαβε
485 1418 571 1493 μανίη
589 1421 689 1480 νοῦσος
703 1415 783 1475 ε’όντα
797 1417 843 1474 καὶ
861 1418 928 1494 πρό-

130 1530 211 1581 τερον
224 1504 463 1586 ύπομαργόπερον·
484 1504 553 1568 ὅκως
569 1504 625 1586 γάρ
638 1530 690 1584 τεῳ
710 1504 819 1582 ἐντύχοι
836 1507 929 1581 Σπαρ-

130 1594 252 1669 τιητέων,
275 1593 403 1670 ε’νέχραυε
426 1597 453 1656 ές
475 1593 510 1653 τό
532 1592 686 1670 πρόσωπον
712 1592 746 1652 τό
774 1597 928 1670 σκῆπτρον·

130 1686 260 1741 ποιεῦντα
271 1681 300 1740 δὲ
310 1680 395 1741 αὐτόν
404 1686 492 1741 ταῦτα
502 1680 548 1740 καὶ
558 1681 818 1759 παραφρονήσαντα
826 1681 929 1754 ἔδησαν

132 1772 158 1827 οἶ
174 1767 362 1844 προσήκοντες
383 1773 412 1828 έν
432 1767 515 1849 ξύλῳ·
539 1768 556 1828 ό
576 1769 606 1827 δὲ
626 1768 713 1831 δεθεὶς
728 1767 778 1826 τόν
797 1767 927 1842 φύλακον

129 1855 305 1932 μουνωθέντα
319 1855 383 1915 ἰδών
394 1860 449 1916 τῶν
458 1855 555 1917 ἄλλων
568 1857 641 1915 αἴτεε
653 1855 802 1933 μάχαιραν,
817 1854 848 1913 ού
861 1857 929 1931 βου-

131 1944 252 2020 λομένου
268 1943 298 2002 δὲ
312 1944 348 2004 τά
365 1946 461 2020 πρῶτα
478 1949 528 2004 τοῦ
545 1943 674 2020 φυλάκου
688 1941 801 2009 διδόναι,
816 1940 930 2001 ἀπείλεε

129 2031 165 2091 τά
183 2057 233 2109 μιν
253 2030 330 2095 αὖτις
349 2029 486 2108 ποιήσειε·
511 2038 538 2094 ἒς
558 2031 574 2090 ό
595 2030 689 2092 δείσας
708 2027 758 2089 τάς
778 2025 929 2090 α’πειλοίςὸ

131 2120 342 2197 φύλακος-ἦν
361 2120 416 2200 γάρ
436 2124 491 2178 τῶν
508 2147 550 2182 τις
566 2115 818 2187 εἶλωτέων,-διδοῖ
836 2117 862 2173 οἱ
877 2116 930 2191 μοί-

129 2233 239 2287 χαιραν·
255 2209 419 2284 Κλεομένης
437 2207 466 2265 δὲ
482 2205 660 2284 παραλαβών
675 2202 725 2264 τόν
743 2203 869 2280 σίδηρον,
883 2203 930 2281 ἅρ-

129 2321 196 2374 χετο
210 2300 240 2352 ε’κ
253 2298 309 2353 τῶν
327 2295 451 2369 κνημέων
470 2294 569 2353 ἑωυτόν
582 2292 760 2370 λωβώμενος·
775 2289 931 2367 ἐπιτάμνων

130 2382 186 2463 γάρ
214 2381 284 2440 κατά
310 2385 400 2456 μῆκος
426 2379 477 2442 τοὶς
504 2380 611 2457 σάρκας
633 2378 790 2457 προύβαινε
818 2384 849 2438 ε’κ
876 2384 932 2438 τῶν

131 2469 254 2545 κνημέων
274 2471 301 2530 ἐς
316 2465 382 2529 τούς
397 2467 511 2543 μηρούς,
528 2473 558 2526 ε’κ
579 2468 608 2526 δὲ
625 2471 681 2527 τῶν
696 2471 793 2544 μηρῶν
811 2469 838 2531 ἔς
851 2491 881 2526 τε
896 2467 931 2524 τά

132 2557 211 2633 ἰσχία
225 2555 271 2613 καὶ
284 2552 334 2617 τοὶς
347 2553 486 2631 λαπάρας·
501 2559 528 2616 ἐς
538 2553 554 2614 δ
564 2559 592 2617 ές
604 2554 656 2628 την
666 2555 793 2633 γαστέρα
806 2554 930 2623 άπίκετο,

132 2644 178 2702 καὶ
198 2641 301 2716 ταύτην
322 2640 532 2720 καταχορδεύων
551 2639 672 2700 α’πέθανε
691 2642 784 2722 τρόπῳ
804 2641 930 2720 τοιούτῳ·

131 2729 167 2792 ὦς
179 2731 231 2805 μὲν
245 2731 271 2787 οἶ
284 2728 390 2787 πολλοὶ
404 2729 522 2809 λέγουσι
534 2725 688 2803 Ἑλλήνων,
702 2728 746 2787 ὅτι
759 2729 810 2804 την
820 2729 931 2805 Πυθίην

130 2816 269 2896 α’νέγνωσε
287 2814 323 2875 τά
340 2815 404 2893 περὶ
426 2814 596 2891 Δημάρητον
611 2813 748 2895 γενόμενα
768 2817 870 2898 λέγειν·
895 2815 931 2880 ώς

131 2905 160 2964 δὲ
185 2904 329 2980 Ἀθηναῖοι
355 2906 454 2980 μοῦνοι
481 2903 607 2982 λέγουσι,
633 2902 703 2962 διότι
728 2908 755 2965 ε’ς
779 2903 930 2962 Ἐλευσῖνα

118 2992 261 3064 ἐσβαλών
273 2993 362 3071 ἔκειρε
374 2991 407 3053 τό
420 2991 533 3069 τέμενος
542 2993 597 3049 τῶν
609 2990 687 3051 θεῶν·
709 2991 744 3052 ώς
756 2991 786 3049 δὲ
797 2991 929 3070 Ἀργεῖοι,

100 3075 147 3132 ὅτι
168 3081 208 3147 ἐξ
218 3083 289 3156 ιῖοοΰ
303 3081 402 3145 αύτῶν
424 3085 478 3144 τοῦ
489 3079 604 3162 Ἀργου
619 3078 758 3160 Ἀργείων
776 3077 843 3138 τούς
858 3102 939 3134 κατα-

83 3161 244 3257 ἤνγὸντας
262 3175 297 3231 ἐκ
313 3177 373 3251 τῆς
386 3172 494 3256 μάχης
518 3169 700 3254 καταγινέων
724 3162 891 3222 κατέκῡπτῑι
910 3159 955 3216 «ὦ

67 3244 150 3300 αντδ
162 3250 203 3309 70¹
216 3254 326 3326 ἄλσος
341 3269 377 3328 ἐν
390 3264 517 3350 α’λογίῃ
535 3263 615 3345 ἔχων
631 3257 789 3331 ἐνέπρησε·
