2024 3450
138 112 183 157 ιιι
448 106 629 154 Ἠνοκοτοκ
860 109 942 172 [m

135 214 190 264 μου
202 192 302 247 τούτου
316 186 378 246 ούδέ
393 183 617 263 προσδεκόμενον
632 186 717 246 κακόν
730 185 809 247 ούδὲν
824 188 943 250 πείσεσ-

136 276 191 344 θαι,
206 275 317 356 οἷγαγιδν
332 274 377 332 καὶ
391 273 504 335 τούτους
517 277 544 332 ἐς
557 272 607 335 τάς
624 272 803 350 Συρηκούσας
817 273 944 337 ἀπέδοτο

136 361 177 420 ἐπ’
192 363 317 443 ἐξαγωγῇ
335 367 365 421 ἐκ
383 361 519 437 Σικελίης.
562 359 649 420 τώυτό
669 361 699 419 δὲ
716 365 801 421 τοῦτο
820 363 866 420 καὶ
884 365 942 424 Εὖ-

135 451 222 526 βοέας
234 450 298 513 τούς
315 455 344 509 ἐν
360 449 476 527 Σικελίῃ
489 452 612 526 ἐποίησε,
628 448 776 525 διακρίνας·
798 451 888 508 ἐποίεε
910 453 942 511 δὲ

135 542 223 598 ταῦτα
235 537 350 602 τούτους
363 531 546 614 α’μῷοτέρους,
558 538 675 613 νομίσας
689 537 778 612 δῆμον
790 537 859 595 εἶναι
872 565 942 599 συν-

136 627 237 702 οίκημα
251 625 466 705 ἀχαριτώτατον.
507 623 621 701 τοιούτῳ
635 624 687 699 μὲν
700 621 793 703 τρόπῳ
807 623 941 700 τύραννος

136 714 261 795 ἐγεγόνεε
273 715 361 796 μέγας
374 713 390 774 ό
404 715 507 774 Γέλων.

89 803 143 860 157
175 801 244 860 Τότε
261 803 298 871 δὲ,
313 802 348 864 ιός
364 805 392 861 οἱ
410 800 525 882 ἄγγελοι
541 804 597 862 τῶν
612 801 758 877 Ἑλλήνων
774 802 894 863 άπίκατο
911 813 940 870 ἐς

133 889 183 953 τάς
206 889 396 966 Συρηκούσας,
417 888 544 953 ἐλθόντες
569 889 642 967 αύτῷ
663 894 690 951 ἐς
714 889 816 970 λόγους
838 892 939 972 ἔλεγον

133 975 207 1034 τάδε’
229 987 246 1010 “
255 978 381 1055 ἔπεμψαν
394 976 481 1052 ἡμέας
495 977 708 1053 Λακεδαιμόνιοι
726 979 771 1036 καὶ
790 982 816 1037 οἶ
832 978 939 1040 τούτων

133 1062 287 1141 σύμμαχοι,
298 1066 574 1142 παραλαμψομένους
588 1091 623 1123 σε
633 1066 704 1141 πρός
715 1064 765 1124 τόν
774 1065 937 1143 βάρβαρον·

132 1150 181 1209 τόν
197 1151 251 1230 γάρ
271 1151 383 1212 ἐπιόντα
400 1153 448 1210 ἐπὶ·
465 1154 514 1228 τήν
537 1152 663 1211 Ἑλλάδα
679 1153 787 1217 πάντως
804 1181 853 1213 κου
869 1182 935 1216 πυν-

134 1236 236 1297 θάνεαι·
254 1239 297 1299 ὅτι
311 1241 427 1316 Πέρσης
441 1240 511 1318 ἀνήρ
522 1243 631 1318 μέλλει,
643 1241 738 1312 ζεύξας
751 1242 801 1301 τόν
810 1241 936 1319 Ἑλλήσ-

131 1351 234 1386 ποντον
248 1328 293 1386 καὶ
312 1327 421 1409 ἐπάγων
437 1327 529 1388 πάντα
544 1330 594 1390 τόν
610 1328 681 1408 η’ῷον
698 1330 820 1407 στρατόν
837 1337 867 1389 ἐκ
885 1338 936 1406 τῆς

132 1412 237 1491 Ἀσίης,
249 1416 494 1493 στρατηλατήσειν
509 1421 554 1478 ἐπὶ
566 1419 618 1496 τήν
631 1418 766 1488 Ἑλλάδα,
779 1417 936 1496 πρόσχημα

71 1546 80 1558 .
130 1505 182 1578 μὲν
201 1502 419 1581 ποιεύμενοςίῶς
441 1505 482 1564 ἐπ’
500 1505 619 1581 Ἀθήνας
641 1503 759 1575 ἐλαύνει,
781 1511 809 1564 ἐν
831 1506 883 1584 νόῳ
905 1508 936 1565 δὲ

131 1590 201 1669 ἔχων
213 1597 310 1652 πᾶσαν
319 1592 372 1668 τήν
382 1592 511 1652 Ἐλλάδα
520 1595 565 1653 ὕπ’
577 1597 667 1672 ἑωυτῷ
679 1591 866 1668 ποιήσασθαι.
896 1595 935 1655 σύ

132 1678 161 1736 δὲ
182 1679 311 1758 δυνάμιός
334 1707 365 1740 τε
388 1683 464 1757 ἥκεις
486 1682 619 1763 μεγάλης,
643 1682 687 1740 καὶ
710 1681 797 1759 μοῖρά
820 1709 864 1742 τοι
883 1689 936 1759 τῆς

131 1764 268 1830 Ἑλλάδος
286 1769 336 1828 ούκ
355 1772 494 1848 ἐλαχίστη
510 1771 590 1847 μέτα,
608 1766 728 1848 ἄρχοντί
741 1795 775 1849 γε
795 1771 934 1847 Σικελίης·

129 1853 230 1928 βοήθει
242 1856 275 1913 τε
289 1859 365 1915 τοῖσι
379 1858 557 1934 ἐλευθεροῦσι
576 1857 628 1933 τήν
640 1857 777 1928 Ἑλλάδα,
793 1860 837 1917 καὶ
855 1887 934 1918 συνεκ

72 2004 76 2011 ,
129 1941 271 2019 λευθέρου.
314 1943 384 2018 άλής
403 1947 455 2020 μὲν
472 1945 527 2025 γάρ
542 1946 674 2026 γινομένη
690 1950 772 2004 πᾶσα
793 1944 811 2019 ή
828 1946 935 2011 Ἑλλάς

129 2029 190 2108 χεὶρ
217 2032 328 2112 μεγάλη
356 2031 514 2112 συνάγεται,
544 2035 590 2092 καὶ
621 2031 771 2110 α’ξιόμαχοι
798 2033 935 2111 γινόμεθα

128 2122 204 2178 τοῖσι
221 2123 341 2178 ἐπιοῦσι·
362 2119 396 2194 ἢν
410 2120 439 2178 δέ
454 2120 547 2196 ήμέων
561 2123 588 2179 οἱ
602 2122 654 2196 μὲν
668 2119 892 2194 καταπροδιδῶσι
907 2128 935 2182 οἱ

128 2205 158 2263 δέ
170 2206 210 2282 μή
222 2208 327 2268 θέλωσι
343 2208 490 2283 ”ιμωρέειν,
501 2207 534 2266 τό
550 2208 579 2266 δὲ
593 2206 719 2286 ύγιαῖνον
731 2209 780 2279 τῆς
794 2204 935 2273 Ἑλλάδος

127 2291 146 2369 ᾖ
159 2291 266 2372 ὀλίγον,
279 2299 362 2353 τοῦτο
377 2293 405 2351 δὲ
422 2293 477 2369 ἤδη
488 2293 577 2353 δεινόν
589 2293 695 2374 γίνεται
708 2291 749 2368 μή
762 2292 837 2372 πέση
850 2299 933 2357 πᾶσα

126 2378 145 2452 ηι
158 2377 272 2441 Ἑλλάς.
304 2383 343 2458 μή
355 2379 411 2460 γάρ
422 2381 548 2460 ἐλπίσῃς,
559 2380 691 2457 ἢνῆμέας
704 2383 933 2459 καταστρέψηται

127 2463 143 2523 ό
160 2466 276 2541 Πέρσης
291 2467 369 2544 μάχη
384 2467 534 2544 κρατήσας,
549 2469 585 2531 ὦς
598 2469 659 2528 ούκὶ
672 2469 732 2545 ἥξει
747 2469 823 2547 παρά
839 2472 875 2529 σέ
886 2499 931 2551 γε·

127 2550 205 2610 άλλιὶ
220 2552 275 2628 πρό
292 2553 392 2612 τούτου
409 2554 544 2630 φύλαξαι·
563 2557 693 2632 βοηθέων
711 2558 767 2639 γάρ
780 2557 847 2634 ἡμῖν
863 2585 931 2619 σεω-

125 2644 182 2718 υτῷ
205 2641 355 2716 τιμωρέεις·
390 2647 428 2722 τῷ
455 2643 485 2702 δὲ
513 2643 543 2704 εὖ
571 2647 755 2721 βουλευθέντι
786 2645 930 2724 πρήγματι

125 2727 241 2803 τελευτή
260 2727 296 2791 ὦς
315 2729 349 2789 τό
368 2733 469 2791 ἐπίπαν
486 2735 599 2811 χρηστή
619 2735 709 2794 ἐθελει
730 2735 930 2816 ἐπιγίνεσθαι.”

80 2816 137 2874 158
146 2819 183 2874 Οἱ
205 2818 258 2892 μὲν
280 2821 367 2876 ταῦτα
389 2821 496 2900 ἔλεγον·
517 2821 612 2883 Γέλων
633 2823 663 2881 δὲ
683 2823 792 2886 πολλός
813 2822 930 2884 ἐνέκειτο

124 2903 214 2985 λέγων
242 2904 344 2965 τοιάδε·
381 2907 501 2993 ’(ἇνδρες
528 2907 677 2986 Ἕλληνες,
705 2911 793 2991 λόγον
820 2912 929 2989 ἔχοντες

125 2992 294 3070 πλεονέκτην
307 2995 484 3071 ἐτολμήσατε
500 2999 550 3076 ἐμὲ
565 2997 716 3079 σύμμαχον
734 2999 779 3057 ἐπὶ
794 2997 844 3058 τόν
855 2997 929 3075 βάρ·

122 3079 216 3157 βαρον
225 3083 447 3160 παρακαλέοντες
460 3086 562 3147 Mdv·
576 3085 656 3146 αύτοὶ
667 3087 704 3156 δὲ,
716 3090 782 3162 ἐμεῦ
789 3086 928 3161 πρότερον

112 3165 263 3241 δεηθέντος
285 3172 472 3252 βαρβαρικοῦ
497 3177 622 3255 στρατοῦ
647 3171 862 3248 συνεπάψασθαι
881 3172 928 3230 ὅτε

97 3278 152 3314 um
176 3259 253 3330 πρός
279 3265 503 3344 Καρχηδονίους
528 3269 624 3324 νεῖκος
647 3262 789 3331 συνῆπτῡ,
808 3256 946 3323 ἶπωκλπ·
