2024 3450
70 111 212 176 138-140]
410 113 523 162 ΕΡΑΤΩ.
817 109 864 159 117

66 191 203 268 προτέρου
216 188 320 250 τούτων
332 188 365 248 τό
379 189 534 269 ἐργάσαντο
548 193 576 248 αἱ
588 192 714 270 γυναῖκες
727 185 792 250 τούς
807 185 865 263 ἅμα

66 278 171 337 Θόαντι
191 276 290 353 άνδρας
311 277 464 353 σφετέρους
484 275 690 347 ἀποκτείνασαι,
705 275 866 352 νενόμισται

66 363 120 429 α’νά
139 364 191 440 τήν
207 363 335 423 Ἑλλάδα
355 363 391 422 τά
413 363 534 441 σχέτλια
555 364 621 443 ἔργα
643 364 733 422 πάντα
751 363 862 440 Λήμνια

66 454 229 512 καλέεσθαι.
272 451 468 511 Ἀποκτείνασι
501 451 530 509 δὲ
558 454 633 509 τοῖσι
661 453 842 530 Πελασγοῖσι
855 453 910 509 139

65 539 130 602 τούς
152 541 305 617 σφετέρους
328 537 429 601 παῖδάς
450 565 482 598 τε
506 539 551 596 καὶ
573 541 711 617 γυναῖκας,
737 535 798 596 ούτε
824 542 862 616 γῆ

66 627 174 704 καρπόν
192 629 274 705 ἔφερε
293 626 355 687 οὔτε
372 626 498 706 γυναῖκές
515 652 546 685 τε
565 625 611 683 καὶ
630 629 746 701 ποῖμναι
765 622 864 699 ὁμοίως

65 715 172 776 ἔτικτον
183 716 228 774 καὶ
238 715 294 791 πρό
304 719 363 774 τοῦ·
381 713 538 791 πιεζόμενοι
551 714 581 772 δὲ
594 717 668 792 λιμῳ
680 737 710 772 τε
724 710 770 769 καὶ
784 710 864 769 άπαι-

66 801 119 882 δίη,
131 809 158 866 ἐς
168 803 301 880 Δελφούς
312 804 435 879 ἔπεμπον
448 801 532 863 λύσιν
545 801 607 862 τινά
620 800 798 878 αἰτησόμενοι
811 803 865 859 τῶν

65 891 223 967 παρεόντων
240 894 339 950 κακῶν·
360 890 378 967 ἦ
396 891 425 949 δέ
440 892 533 965 Πυθίη
554 891 645 966 σφέας
662 891 770 949 ἐκέλευε
781 887 864 964 Ἀθη-

65 979 170 1038 ναίοισι
191 980 266 1044 δίκας
281 977 384 1038 διδόναι
397 979 560 1042 ταύταςτὰς
573 977 607 1038 ἃν
623 978 701 1039 αὐτοὶ
721 976 864 1052 Ἀθηναῖοι

66 1065 211 1126 δικάσωσι·
232 1067 323 1144 ἦλθόν
335 1094 366 1128 τε
380 1067 413 1144 δή
429 1072 455 1132 ἐς
468 1068 519 1131 τάς
530 1066 649 1143 Ἀθήνας
664 1071 690 1127 οἱ
704 1066 862 1147 Πελασγοὶ,

66 1154 111 1211 καὶ
133 1155 208 1219 δίκας
226 1157 436 1237 ἐπαγγέλλοντο
449 1154 622 1233 βουλόμενοι
643 1155 746 1215 διδόναι
758 1154 862 1215 παντός

64 1245 115 1300 τοῦ
132 1242 310 1320 ἀδικήματος·
330 1241 475 1319 Ἀθηναῖοι
489 1243 519 1301 δέ
532 1248 561 1302 ἐν
574 1246 612 1320 τῷ
625 1243 782 1320 πρυτανηίῳ
803 1240 862 1298 κλί-

65 1353 114 1403 νην
135 1330 312 1407 στριύσαντες
335 1329 369 1392 ὦς
391 1329 467 1408 εἶχον
489 1329 638 1399 κάλλιστα,
658 1329 704 1387 καὶ
724 1327 863 1403 τράπεζαν

65 1417 201 1489 ἐπιπλέην
214 1417 326 1497 οἷγαθῶν
339 1414 448 1474 πάντων
461 1414 637 1490 παραθέντες,
653 1416 778 1472 ἐκέλευον
798 1411 862 1473 τούς

66 1501 235 1579 Πελασγούς
248 1499 300 1573 τήν
313 1500 406 1576 χώρην
419 1501 507 1575 σφίσι
516 1499 696 1573 παραδιδόναι
705 1499 775 1558 οὕτω
785 1500 861 1577 έχου-

66 1608 131 1642 σαν·
153 1587 179 1642 οἱ
200 1586 229 1643 δέ
252 1582 401 1665 Πελασγοὶ
423 1582 617 1659 ὑπολαβόντες
639 1585 728 1644 εἶπαν·
752 1595 770 1620 “
778 1585 862 1644 ἐπεάν

64 1670 155 1748 βορέῃ
171 1670 262 1751 ἀνέμῳ
276 1669 431 1748 αὖτημερόν
444 1674 509 1746 νηῦς
523 1669 641 1749 ἐξανύσῃ
656 1676 686 1729 ἐκ
698 1676 748 1746 τῆς
767 1671 861 1749 ύμετέ-

64 1784 116 1835 ρης
139 1764 166 1822 ἐς
188 1759 240 1834 τήν
261 1758 404 1836 ἡμετέρην,
426 1757 490 1818 τότε
510 1756 738 1835 παραδύσομεν·”
757 1772 759 1776 ”
777 1764 861 1819 τοῦτο

65 1846 153 1917 εἶπαν,
175 1846 355 1924 ἐπιστάμενοι
374 1850 456 1920 τοῦτο
481 1844 549 1905 εἶναι
568 1843 700 1906 α’δύνατον
719 1847 860 1928 γενέσθαι·

64 1933 83 2010 ἦ
100 1935 154 2015 γάρ
166 1934 279 2011 Ἀττική
295 1935 365 2011 πρός
378 1933 459 1996 νότον
480 1935 570 1994 κέεται
589 1935 700 1995 πολλόν
719 1940 769 2011 τῆς
781 1933 859 2011 Λήμ-

64 2048 122 2082 νου.
136 2070 138 2075 ,
162 2023 226 2085 τότε
245 2025 297 2102 μὲν
312 2027 446 2096 τοσαῦτα·
468 2024 543 2093 ἔτεσι
557 2021 586 2081 δὲ
600 2021 687 2099 κάρτα
700 2026 838 2088 πολλοῖσι
851 2022 907 2080 140

63 2109 181 2190 ὕστερον
200 2112 314 2182 τούτων,“
326 2110 361 2173 ὥς
380 2110 399 2188 ἦ
413 2109 595 2188 Χερσόνησος
608 2108 626 2184 ἡ
640 2113 669 2169 ἐν
681 2109 860 2186 Ἑλλησπόν-

63 2225 101 2278 τῳ
119 2201 226 2281 ἐγένετο
245 2198 291 2259 ὑπ’
309 2198 493 2276 Ἀθηναίοισι,
508 2194 665 2274 Μιλτιάδης
685 2197 701 2258 ό
722 2198 858 2274 Κίμωνος,

64 2289 194 2362 ἐτησιέων
216 2287 323 2364 ἀνέμων
349 2285 558 2362 κατεστηκότων
581 2285 626 2362 νηίΙ
649 2286 807 2354 κατανύσας
830 2286 861 2356 ἐξ

63 2371 241 2438 Ἐλαιοῦντος
256 2379 306 2435 τοῦ
326 2379 355 2434 ἐν
369 2372 543 2453 Χερσονήσῳ
560 2379 587 2437 ἐς
600 2378 724 2452 Λῆμνον,
738 2372 858 2454 προηγό-

62 2487 125 2537 ρευε
146 2463 245 2531 ἐξιέναι
267 2468 297 2521 ἐκ
318 2465 368 2537 τῆς
389 2462 477 2538 νήσου
493 2464 569 2522 τοῖσι
588 2465 778 2544 Πελασγοῖσι,
795 2459 859 2521 ἅνα-

63 2547 226 2625 μιμνήσκων
236 2550 328 2624 σφέας
340 2549 373 2609 τό
386 2548 559 2628 χρηστήριον
567 2548 601 2609 τό
612 2548 721 2625 ούδαμυζ
733 2548 860 2625 ἤλπισαν

64 2635 152 2709 σφίσι
166 2637 192 2693 οἶ
206 2636 355 2716 Πελασγοὶ
368 2636 569 2696 ἐπιτελέεσθαι.
609 2635 792 2712 Ἡφαιστιέες
808 2637 860 2715 μέν

64 2747 112 2780 νυν
136 2721 288 2782 ἐπείθοντο.
325 2727 475 2800 Μυριναῖοι
498 2722 528 2782 δέ
548 2722 580 2783 οὐ
604 2724 861 2804 συγγινωσκόμενοι

65 2808 133 2868 εἶναι
152 2809 203 2885 τήν
217 2808 401 2886 Χερσόνησον
419 2809 549 2885 Ἀττικήν
568 2811 786 2887 ἐπολιορκέοντο,
802 2811 860 2875 ἐςό

65 2897 110 2953 καὶ
129 2896 208 2957 αύτοὶ
228 2897 420 2975 παρέστησαν·
441 2896 511 2956 οὕτω
527 2898 566 2973 ’δή
582 2898 633 2974 τήν
645 2901 761 2974 Λῆμνον
774 2900 860 2978 ἔσχον

64 2979 208 3057 Ἀθηναῖοί
218 3009 249 3045 τε
263 2984 308 3042 καὶ
321 2984 488 3063 Μιλτιάδης.

69 3058 170 3108 Π.-10

357 3206 523 3378 ῳ
556 3215 603 3276 ης,
630 3257 636 3284 η
660 3201 780 3255 svn.
819 3263 836 3277 ἱ
