2024 3450
65 115 173 176 65-s9]
366 115 555 165 ΚΑΛΛΙΟΠΗ.
818 109 867 158 813

65 197 156 255 οὐκέτι
169 193 218 252 τὸν
233 192 316 252 αὐτόν
329 193 437 270 κόσμον
448 194 606 274 κατηγέετο,
617 190 695 252 ἀλλά
704 189 757 266 την
766 190 864 269 ταχίσ-

64 311 115 360 την
135 281 266 360 ἐτρόχαζε
286 280 404 361 φεόγων,
420 281 482 341 οὔτε
499 285 527 342 ἐς
542 280 575 339 τό
592 280 703 348 ξύλινον
717 278 780 338 οὐτε
793 285 821 343 ἐς
832 277 866 338 τά

65 372 253 484 Θηβαίων
210 395 310 447 τειχος,
327 368 420 427 ἀλλ”
408 395 434 432 ες
447 370 593 437 Φωκέας,’
582 393 594 424 ε
614 366 718 427 έλων
697 394 733 430 ως
744 367 866 447 τάχιστα

66 461 111 518 ε’πὶ
125 458 174 518 τόν
188 457 405 532 Ἑλλήσποντον
424 455 585 515 ἀπικέσθαι·
607 480 653 513 και
642 453 752 512 δτ
722 481 798 514 ουτοι
815 459 924 533 μὲν

64 548 152 624 ταύτῃ
181 545 342 622 ἐτράποντο.
383 548 445 604 Των
471 544 501 603 δὲ
528 541 623 602 ἀλλων
646 541 791 616 Ελληνων
812 545 914 605 τῶν67

65 661 136 711 μετα
128 634 289 709 βασιλέος
307 630 550 700 ἐθελοκακεόντων,
565 629 683 689 Βοιωτοὶ
692 630 867 705 Ἀθηναίοισι

67 721 244 799 ἐμαχέσαντο
261 720 364 798 χρόνον
385 720 430 779 ἐπὶ
450 719 565 797 συχνόν·
590 721 616 777 οἶ
635 716 691 798 γάρ
708 718 868 823 μηδίζοντες

65 812 121 868 τῶν
148 806 346 883 Θηβαίων,
315 833 391 867 ουτοι
412 806 489 886 εἶχον
509 805 719 883 προθυμίην’
688 832 737 865 ουκ
759 804 866 919 ὀλίγην,

66 896 239 1004 μαχεόμενοί
256 922 287 955 τε
308 895 353 955 καὶ
374 894 424 955 οὐκ
445 894 729 959 ἐθελοκακέοντες
698 921 768 955 ουτω
795 894 868 956 ὥστε

66 984 223 1061 τριηκόσιοι
251 983 340 1044 αὐτῶν
364 988 391 1044 οἱ
413 988 518 1062 πρῶτοι
545 984 591 1042 καὶ
614 983 725 1062 ἄριστοι
748 981 867 1045 ἐνθαῦτα

68 1072 169 1133 ἔπεσον
184 1072 240 1133 όπά
259 1071 467 1150 Ἀθηναίων·ε
446 1100 482 1137 ως
497 1073 555 1132 δὲ’
542 1071 695 1150 ετράποντο
714 1075 760 1133 καὶ
781 1100 866 1144 ουτοι,

67 1161 216 1242 ἐφευγον’
204 1189 230 1225 ες
248 1162 297 1226 τάς
310 1162 410 1238 Θήβας
424 1161 473 1222 οὐκ
485 1159 557 1240 ᾗπερ
572 1165 599 1221 οἶ
612 1163 732 1239 Πέρσαι·
755 1162 800 1220 καὶ
812 1165 868 1221 τῶν

66 1248 161 1310 ἄλλων
175 1250 332 1328 συμμάχων
345 1251 361 1309 6
376 1255 430 1313 πάς
443 1250 542 1326 ὅμιλος
553 1249 615 1309 οὔτε
626 1248 867 1326 διαμαχεσάμενος

66 1337 156 1396 οὐδενὶ
179 1337 241 1397 οὔτε
265 1364 292 1397 τι
315 1337 520 1413 ἀποδεξάμενος
548 1337 675 1415 ἔφευγον.
718 1339 812 1410 Δηλοῖ
835 1361 866 1394 τε
876 1338 914 1395 68

67 1425 129 1499 ἐμοὶ
143 1424 186 1483 ὅτι
199 1424 291 1484 πάντα
303 1424 338 1483 τά
352 1423 505 1502 πρήγματα
517 1425 572 1480 τῶν
582 1421 738 1498 βαρβάρων
748 1419 867 1498 ἤρτηντο

67 1514 97 1567 ἐκ
117 1512 259 1587 Περσέων,
279 1514 302 1568 εἰ
320 1511 366 1567 καὶ
383 1509 448 1568 τότε
466 1507 543 1568 οὗτοι
560 1509 626 1585 πρὶν
639 1507 657 1585 ἢ
672 1509 717 1567 καὶ
730 1511 867 1586 συμμίξαι

66 1600 143 1656 τοῖσι
155 1598 319 1673 πολεμίοισι
329 1598 454 1677 ἔφευγον,
467 1596 510 1657 ὅτι
525 1597 570 1654 καὶ
580 1595 644 1660 τούς
658 1597 773 1673 Πέρσας
783 1597 867 1675 ὥρων.

68 1684 137 1743 οὕτω
160 1710 192 1744 τε
212 1685 313 1748 πάντες
332 1687 458 1765 ἔφευγον,
480 1682 558 1759 πλην
578 1688 628 1760 τῆς
656 1685 742 1745 ἵππου
764 1689 815 1761 τῆς
835 1711 868 1746 τε

67 1771 158 1849 ἀλλης
179 1774 225 1832 καὶ
242 1779 292 1849 τῆς
309 1773 453 1847 Βοιωτίης·
479 1771 549 1849 αὕτη
567 1773 596 1831 δὲ
612 1777 737 1833 τοσαῦτα
757 1800 867 1850 προσω-

68 1863 154 1936 φέλεε
174 1861 239 1924 τούς
260 1861 422 1942 φεύγοντας,
442 1861 498 1919 αἰεί
515 1886 546 1919 τε
566 1859 637 1937 πρός
653 1864 708 1920 τῶν
725 1863 867 1939 πολεμίων

67 1947 191 2030 ἀγχιστα
207 1953 294 2008 ἐοῦσα
312 1948 487 2030 ἀπείργουσά
501 1974 533 2008 τε
548 1949 612 2011 τούς
626 1950 737 2024 φιλίους
751 1950 867 2030 φεύγον-

66 2064 116 2101 τας
128 2037 185 2097 ἀπό
198 2041 253 2098 τῶν
266 2036 420 2111 Ἑλλήνων.
446 2039 483 2095 Οἱ
495 2038 547 2113 μὲν
561 2036 595 2111 δὴ
610 2040 734 2099 νικῶντες
748 2038 866 2107 εἵποντο,
876 2040 913 2097 69

66 2151 130 2233 τοης
157 2125 265 2234 Ξέρξεω
287 2124 429 2236 διφκοντές
453 2151 483 2184 τε
511 2124 557 2182 καὶ
581 2122 754 2198 φονεύοντες·
785 2129 814 2183 ἐν
837 2123 867 2182 δὲ

65 2213 155 2293 τούτῳ
169 2218 207 2293 τῷ
222 2213 358 2296 γινομένω
377 2212 462 2292 φόβω
476 2211 648 2294 ἀγγέλλεται
662 2214 738 2272 τοῖσι
751 2204 868 2272 ἀλλοισι

64 2294 189 2378 Ελλησι
212 2306 289 2361 τοῖσι
310 2301 508 2383 τεταγμένοισι
535 2299 599 2376 περὶ
622 2298 655 2388 τό
676 2298 794 2377 Ἡραῖον
822 2302 869 2361 καὶ

67 2388 299 2500 ἀπογενομένοισι
314 2393 365 2465 τῆς
382 2389 484 2468 μάχης,
498 2389 541 2449 ὅτι
559 2384 656 2498 μάχη
652 2413 684 2448 τε
690 2390 800 2474 γέγονε
822 2390 868 2449 καὶ

67 2482 161 2554 νικῷεν
174 2481 201 2535 οἱ
211 2478 284 2584 μετὰ
303 2479 479 2537 Παυσανίεω·
501 2503 528 2537 οι
519 2476 604 2536 ε’δέ
587 2503 755 2541 ακουσαντες
770 2481 865 2552 ταῦτα,

68 2537 218 2622 ουδένα
185 2588 294 2639 κοσμον
313 2566 516 2642 ταχθέντες,
490 2591 517 2624 οι
536 2567 588 2642 μὲν
608 2563 683 2641 ἀμφὶ
704 2565 869 2642 Κορινθίους

67 2649 220 2728 ἐτράποντο
242 2650 288 2709 διά
304 2656 354 2727 τῆς
374 2651 498 2729 ὑπωρέης
520 2653 565 2710 καὶ
592 2655 647 2712 τῶν
668 2657 795 2714 κολωνῶν
814 2653 867 2729 πὴν

68 2742 212 2817 φέρουσαν
230 2745 294 2812 ἅνω,
318 2739 362 2800 ἶθύ
381 2743 432 2798 τοῦ
453 2743 513 2815 ἱροῦ
533 2744 583 2814 τῆς
604 2739 763 2818 Δήμητρος·
791 2741 868 2800 οἶδὲ

67 2826 142 2904 ἀμφὶ
155 2828 304 2908 Μεγαρέας
316 2853 346 2886 τε
360 2826 406 2885 καὶ
419 2829 573 2890 Φλιασίους
586 2828 632 2887 διά
644 2832 695 2888 τοῦ
708 2829 804 2887 πεδίου
815 2827 868 2903 την

67 2915 213 2992 λειοτάτην
226 2919 280 2977 τῶν
293 2915 373 2975 όδῶν·
395 2916 457 2974 ἐπεί
467 2942 498 2975 τε
512 2916 541 2976 δὲ
555 2915 645 2997 ἀγχοῦ
658 2920 713 2976 τῶν
725 2915 867 2989 πολεμίων

67 3003 191 3113 ἐγίνοντο
202 3031 228 3064 οι
219 3005 386 3086 Μεγαρέες
399 3030 446 3063 και
435 3004 600 3114 Φλιάσιρι,
616 3002 761 3064 ἀπιδόντες
774 3003 866 3075 σφέας
934 3069 936 3072 Α

68 3093 94 3149 οἱ
106 3095 161 3151 τῶν
170 3093 321 3170 Θηβαιων“
313 3090 429 3153 ιππόται
439 3092 635 3173 ἐπειγομένους
643 3089 784 3149 ουδένα’
754 3114 882 3188 κόπρου,

66 3176 228 3251 ηλαυνον’
214 3179 257 3238 επ’
283 3207 385 3246 αυτους
413 3207 482 3244 τους
512 3180 633 3238 ιππους
667 3199 726 3233 των
749 3176 916 3236 MQW‘·

59 3265 295 3344 Ἀσωπόδωρος
280 3298 295 3330 ο
310 3270 496 3348 Τιμάνδρου·
522 3262 713 3328 ἐσπεσόντες
727 3257 769 3313 ἷῑ
788 3262 966 3307 *mm*
