2024 3450
123 105 172 154 ιιι
427 101 612 150 ’κνοαοτοτ
862 104 927 169 [lx

125 183 214 257 φόνου
236 186 287 241 τοῦ
313 181 463 252 Λεωνίδεω,
487 178 560 240 κατὰ
584 178 619 240 τό
645 182 828 260 χρηστήριον,
851 188 931 245 τοῖσι

124 269 319 346 Σπαρτιήτῃσι
340 274 370 328 ἐκ
391 268 553 346 Μαρδονίου
579 270 747 330 ἐπιτελέετο·
779 271 828 330 καὶ
850 273 931 349 νίκην

122 353 276 432 ἀναιρέεται
290 357 448 432 καλλίστην
462 355 593 416 άπασέων
605 361 661 417 τῶν
670 357 752 433 ήμεῖς
761 359 842 436 ἴδμεν
852 367 930 420 Παυ-

122 445 221 520 σανίης
241 443 257 504 ὁ
282 443 489 521 Κλεομβρότου
509 449 559 504 τοῦ
579 444 808 522 Ἀναξανδρίδεω·
828 452 886 507 τῶν
901 449 931 508 δέ

122 531 279 609 κατύπερθέ
294 535 321 592 οἱ
336 531 481 612 προγόνων
493 532 528 591 τό
542 531 683 608 οὐνόματα
694 533 801 610 εἴρηται
815 540 842 598 ἐς
855 542 930 596 Λεω-

122 620 208 696 νίδην·
230 619 312 680 offro}
332 619 387 701 γάρ
408 625 464 694 σφι
484 619 657 698 τυγχάνουσι
670 620 770 683 ἐόντες.
806 621 930 700 άποθνή·

122 733 185 766 σκει
194 708 224 767 δὲ
231 707 390 786 Μαρδόνιος
397 705 452 766 §ard
460 704 655 783 Ἀειμνήστου,
663 706 763 784 άνδρδς
771 713 801 768 ἐν
811 711 930 790 Σπάρτη

124 797 253 876 λογίμου·
281 795 312 857 ὃς
330 794 422 875 χρόνῳ
440 792 558 871 ὕστερον
577 793 649 870 μετά
665 793 702 854 τά
724 795 840 870 Μηδικά
859 800 931 878 ἔχων

123 883 224 960 α”νδρας
235 884 412 960 τριηκοσίους
432 883 576 958 συνέβαλε
590 887 619 942 ἐν
636 883 829 963 Στενυκλήρῳ,
844 890 930 946 πολέ-

123 996 178 1047 μου
192 970 292 1041 ἐόντος,
308 971 502 1044 Μεσσηνίοισι
511 974 595 1029 πᾶσι·
612 970 659 1030 καὶ
672 969 756 1033 αὐτός
764 996 796 1031 τε
806 971 931 1034 ἀπέθανε

76 1060 113 1115 65
123 1058 169 1114 καὶ
187 1060 214 1115 οἱ
231 1056 398 1132 τριηκόσιοι.
439 1054 488 1116 Ἐν
502 1056 532 1116 δὲ
545 1061 711 1136 Πλαταιῇσι
724 1061 751 1117 οἱ
765 1059 881 1136 Πέρσαι
895 1061 931 1125 οἷς

123 1144 275 1222 ἐτράποντο
294 1142 349 1203 θπό
366 1147 421 1203 τῶν
441 1145 675 1222 Λακεδαιμονίων,
693 1145 814 1227 ἔφευγον
830 1148 930 1209 οὐδένα

122 1232 231 1310 κόσμον
254 1237 282 1297 ἐς
302 1231 336 1293 τό
360 1230 552 1308 στρατόπεδον
575 1233 608 1292 τδ
633 1235 745 1306 ἐωυτῶν,
772 1235 820 1294 καὶ
843 1240 871 1299 ἐς
894 1238 929 1298 τὰ

121 1327 215 1401 τεῖχος
232 1320 264 1382 τό
288 1320 399 1391 ξύλινον
421 1320 454 1380 τό
477 1321 647 1396 ἐποιήσαντο
664 1326 693 1382 ἐν
710 1323 796 1400 μοίρῃ
816 1327 853 1402 τῇ
872 1331 927 1401 Θη-

122 1411 211 1486 βαίδι.
254 1411 333 1486 θῶμα
354 1409 385 1469 δέ
402 1435 452 1486 μοι
469 1409 547 1478 ὅκως,
563 1409 640 1487 παρά
655 1412 706 1484 τῆς
727 1409 880 1487 Δήμητρος
895 1412 929 1472 τό

123 1497 214 1562 άλσος
226 1499 400 1577 μαχομένων,
415 1497 477 1557 οὐδὲ
492 1497 530 1560 εἶς
545 1496 634 1573 ἐφάνη
647 1501 701 1557 τῶν
714 1499 851 1574 Περσέων
864 1500 930 1560 οὔτε

123 1586 248 1647 ἐσελθῶν
267 1592 294 1650 ἐς
310 1586 344 1646 τό
362 1586 474 1662 τέμενος
489 1583 552 1645 οὔτε
566 1584 751 1645 ἐναποθανών·
772 1587 840 1663 περί
850 1614 883 1648 τε
895 1588 929 1648 τό

124 1674 184 1750 ἱρόν
200 1677 227 1734 οἶ
243 1678 375 1734 πλεῖστοι
389 1679 418 1733 ἐν
431 1677 469 1752 τῳ
481 1673 603 1752 βεβήλῳ
618 1675 729 1732 ἔπεσον·
751 1673 838 1732 δοκέω
851 1675 890 1746 δέ,
906 1677 931 1735 εί

121 1788 150 1822 τι
171 1764 235 1838 περὶ
255 1767 309 1822 τῶν
332 1762 411 1822 θείων
432 1762 604 1842 πρηγμάτων
624 1762 727 1821 δοκέειν
751 1760 799 1834 δεῖ,
825 1762 844 1838 ή
865 1764 929 1827 θεός

123 1849 193 1925 αὐτή
210 1855 303 1924 σφεας
321 1849 371 1909 οὐκ
389 1850 508 1919 ἐδέξατο,
528 1851 728 1926 ἐμπρήσαντας
741 1848 774 1909 τό
788 1854 819 1909 ἐν
831 1850 929 1911 Ἐλευ-

123 1942 181 1997 σῖνι
195 1935 368 2014 ἀνακτόριον.
410 1936 481 2012 αὕτη
494 1938 546 2014 μέν
559 1963 607 1998 νυν
620 1937 638 2014 ή
653 1937 732 2016 μάχη
746 1937 792 1995 ἐπὶ
803 1943 929 2000 τοσοῦτο

124 2028 243 2108 ἐγένετο.

76 2117 112 2173 66
163 2115 339 2193 Ἀρτάβαζος
348 2116 378 2175 δέ
388 2115 404 2175 ὁ
415 2114 573 2193 Φαρνάκεος
581 2115 680 2174 αὐτίκα
689 2140 720 2175 τε
731 2114 780 2175 οὐκ
791 2114 929 2191 οἷρέσκετο

124 2203 182 2263 κατ’
193 2203 281 2281 άρχδς
291 2204 459 2279 λειπομένου
473 2203 633 2279 Μαρδονίου
647 2200 704 2262 άπδ
717 2203 867 2279 βασιλέος,
881 2205 929 2263 καὶ

122 2289 186 2349 τότε
199 2290 296 2348 πολλά
310 2289 489 2369 ἀπαγορεύων
503 2289 581 2350 οὐδὲν
594 2288 667 2367 ήνυε,
678 2290 863 2367 συμβάλλειν
876 2290 928 2351 οὐκ

123 2379 183 2435 ἐῶν·
211 2376 328 2450 ἐποίησέ
345 2402 375 2436 τε
392 2375 475 2439 οὗτός
492 2377 593 2448 τοιάδε,
613 2377 648 2441 οἷς
668 2377 718 2438 οὐκ
738 2377 929 2455 ἀρεσκόμενος

121 2467 198 2523 τοῖσι
217 2462 367 2543 πρήγμασι
387 2467 463 2523 τοῖσι
487 2469 517 2523 ἐκ
540 2466 700 2541 Μαρδονίου
724 2457 927 2543 ποιευμένοισι·

121 2554 177 2610 τῶν
196 2551 364 2632 ἐστρατήγεε
382 2551 397 2612 ὁ
414 2551 599 2629 Ἀρτάβαζος·
621 2553 679 2633 εἶχε
697 2553 727 2613 δέ
746 2552 863 2630 δύναμιν
876 2553 928 2613 οὐκ

122 2637 230 2717 ὀλίγην,
251 2637 328 2698 α’λλοὶ
349 2641 395 2698 καὶ
416 2645 443 2704 ἐς
461 2643 598 2717 τέσσερας
617 2641 752 2718 μυριάδας
773 2640 927 2718 ἀνθρώπων

122 2725 187 2803 περὶ
207 2725 316 2786 ἑωυτόν·
337 2727 457 2801 τούτους,
479 2728 548 2791 ὅκως
567 2727 586 2804 ἦ
604 2729 742 2805 συμβολή
761 2730 875 2809 ἐγίνετο,
895 2727 927 2788 εὖ

123 2813 338 2892 ἐξεπιστάμενος
370 2814 405 2875 τοὶ
433 2818 534 2892 ἔμελλε
560 2814 764 2892 ἀποβήσεσθαι
791 2815 848 2876 <ind
875 2819 928 2892 τῆς

122 2903 223 2984 μάχης,
236 2902 289 2986 ἦγε
303 2904 531 2981 κατηρτημένους,
546 2906 738 2985 παραγγείλας
752 2904 823 2964 κατοὶ
834 2903 925 2965 τῶυτὸ

125 2994 193 3052 ἰέναι
212 2993 318 3057 πάντας
335 2997 371 3072 τῇ
390 2992 424 3053 ἂν
443 2991 525 3054 αὐτός
544 2993 696 3072 ἐξηγέηται,
711 2991 781 3056 ὅκως
793 2989 828 3052 ἂν
840 2991 927 3054 αὐτόν

119 3079 222 3158 θρέωσι
238 3081 365 3160 σπουδῆς
383 3083 491 3163 ἔχοντα·
518 3085 606 3140 ταῦτα
623 3081 822 3160 παραγγείλας,
842 3080 878 3143 οἷς
898 3086 927 3144 ἐς

102 3169 209 3252 μάχην
232 3171 289 3258 ἤγε
311 3173 399 3253 δῆθεν
423 3169 474 3235 τὸν
500 3167 634 3248 στρατόν·
656 3167 810 3242 προτερέων
830 3167 936 3267 δξτῖα

125 3256 178 3334 δῦ,
199 3262 265 3346 ὥρα
283 3266 334 3330 καὶ
355 3264 392 3347 δὴ
411 3263 580 3348 φεύγοντος
596 3255 666 3319 τοὺς
679 3250 813 3326 Μ’Ψσαῗ
834 3247 959 3302 ‘mm
