2024 3450
131 114 180 162 τοι
439 108 622 157 Ἦνοιοτοτ
855 106 932 171 [vn.

131 190 245 267 δεύτερα
260 186 364 250 τούτων
376 189 570 266 παραμείβετο
582 188 676 265 τείχεα
689 187 724 246 τὰ
741 187 859 264 Πιέρων·
880 193 936 248 τών

132 280 178 337 καὶ
196 279 236 336 ἐνὶ
252 275 365 356 Φόγρης
385 277 448 336 ἐστὶ
468 276 582 353 οὕνομα,
604 277 650 334 καὶ
670 276 753 353 ἑτέρω
773 276 934 355 Πέργαμος·

130 366 218 443 ταύτῃ
231 368 283 441 μὲν
296 364 330 440 δη
341 363 406 441 παρ’
417 363 487 424 αύτιϊ
500 364 536 424 τό
549 365 644 442 τείχεα
657 361 709 438 την
723 362 789 421 όδόν
803 365 934 434 ἐποιέετο,

131 458 162 513 ἐκ
186 454 276 528 δεξιῆς
299 453 382 532 χερός
401 452 434 513 τό
459 451 608 532 Πάγγαιον
628 449 710 527 οὖρος
730 448 866 530 ἀπέργων,
889 451 936 511 ἐών

131 542 205 622 μέγα
220 568 251 601 τε
271 541 317 599 καὶ
333 539 453 618 ὑψηλόν·
474 546 503 599 ἐν
518 543 557 617 τῷ
574 537 683 616 χρύσεοί
700 563 730 596 τε
749 539 794 595 καὶ
813 537 935 618 ἀργύρεα

132 631 170 688 ἔνι
183 630 321 706 μέταλλα,
335 628 372 687 τὰ
389 629 519 704 νέμονται
535 627 636 702 Πίερές
651 651 682 684 τε
699 626 744 683 καὶ
757 624 934 700 Ὀδόμαντοι,

85 719 142 776 113
152 719 198 776 καὶ
214 717 342 793 μάλιστα
361 713 475 792 Σάτραι.
516 713 743 788 Ὺπεροικέοντας
759 712 788 771 δὲ
805 713 838 772 τό
855 713 933 794 Πάγ-

131 831 212 884 γαιον
228 803 298 880 πρός
316 803 409 880 βορέω
427 801 530 878 ἀνέμου
548 801 673 862 Παίονας
690 799 824 876 Δόβηράς
841 827 872 860 τε
888 803 934 859 καὶ

133 892 283 954 Παιόπλας
296 891 441 967 παρεξιών,
455 888 499 963 ἥϊε
511 888 583 965 πρός
596 889 727 964 ἑσπέρην·
749 893 777 950 ἐς
790 887 806 946 ὂ
819 886 934 948 ἀπίκετο

133 980 179 1038 ἐπὶ
194 977 321 1054 ποταμόν
337 1003 368 1036 τε
384 976 531 1053 Στρυμόνα
547 977 593 1034 καὶ
611 975 696 1035 πόλιν
707 975 814 1049 Ἠϊόνα,
826 979 875 1051 τῆς
894 978 934 1035 ἐτι

134 1067 201 1136 ζωός
217 1065 267 1124 ἐών
283 1064 353 1143 ἦρχε
370 1062 470 1144 Βόγης,
484 1068 534 1123 τοῦ
549 1090 602 1140 περ
616 1063 704 1145 όλίγῳ
720 1063 856 1141 πρότερον
871 1065 932 1123 τού-

132 1178 186 1212 των
198 1152 286 1232 λόγον
300 1152 457 1227 ἐποιεύμην·
478 1151 540 1226 ἠδὲ
555 1156 593 1231 γῆ
608 1151 709 1227 αύτηή
725 1152 789 1229 περὶ
804 1152 837 1212 τό
854 1151 933 1233 Πώγ-

132 1266 212 1321 γαιον
233 1238 297 1317 ὅρος
318 1241 447 1297 καλέεται
464 1239 580 1301 Φυλλίς·
602 1240 809 1310 κατατείνουσα,
827 1239 862 1299 τό
881 1242 933 1315 μὲν

133 1329 204 1406 πρός
226 1328 352 1405 ἕσπέρην,
377 1327 422 1386 ἐπὶ
444 1327 572 1403 ποταμόν
592 1325 726 1408 Ἀγγίτην
746 1327 885 1387 ἐκδιδόντα
906 1333 933 1390 ἐς

133 1418 182 1477 τόν
195 1416 351 1493 Στρυμόνα·
372 1415 407 1474 τό
426 1415 456 1474 δέ
471 1415 541 1492 πρός
553 1417 744 1492 μεσαμβρίην,
758 1417 888 1476 τείνουσα
906 1421 933 1478 ἐς

134 1504 217 1565 αὐτόν
234 1504 283 1564 τόν
300 1503 455 1580 Στρυμόνα,
470 1509 497 1568 ἐς
512 1504 562 1564 τόν
580 1506 606 1562 οϊ
625 1503 722 1583 Μόγοι
738 1506 933 1580 ἐκαλλιρέοντο

88 1592 310 1668 114σφοϊζοντες
338 1592 438 1655 ἵππους
464 1591 587 1655 λευκούς.
629 1592 877 1669 Φαρμακεύσαντες
903 1593 933 1651 δὲ

132 1684 221 1739 ταῦτα
237 1685 264 1742 ἐς
284 1678 335 1739 τόν
355 1680 490 1756 ποταμόν,
509 1680 554 1739 καὶ
574 1678 650 1738 ἅλλα
670 1680 853 1757 πολλοὶπρὸς
871 1680 932 1739 τού-

133 1793 216 1836 τοισι,
239 1772 267 1826 ἐν
286 1766 383 1826 Ἐννέα
403 1766 514 1826 Ὁδοῖσι
533 1771 601 1845 τῇσι
620 1765 749 1826 Ἠδωνῶν
770 1767 932 1845 ἐπορεύοντο

113 1846 117 1853 ’
135 1853 205 1912 κατὰ
215 1853 265 1916 τὰς
274 1853 406 1934 γεφύρας,
414 1855 464 1914 τόν
472 1853 618 1931 Στρυμόνα
629 1854 753 1929 εὑρόντες
763 1857 932 1935 ἐζευγμένον.

133 1939 230 2000 Ἐννέα
254 1940 284 2000 δὲ
306 1940 406 2003 Ὀδούς
427 1940 629 2016 πυνθανόμενοι
649 1940 699 1999 τόν
721 1944 812 2017 χώραν
835 1947 937 2011 τοῦτον

135 2029 295 2102 καλέεσθαι,
309 2026 461 2089 τοσούτους
479 2032 507 2086 ἐν
526 2027 599 2104 αὐτῷ
611 2025 710 2087 παϊδός
723 2052 754 2086 τε
770 2027 815 2083 καὶ
831 2029 933 2101 παρθέ-

135 2144 198 2182 νους
220 2117 327 2194 οἶνδρῶν
346 2121 401 2178 τῶν
424 2114 577 2192 ἐπιχωρίων
600 2112 718 2183 ζώοντας
741 2113 932 2189 κατώρυσσον.

136 2205 290 2284 (Περσικόν
316 2205 346 2263 δὲ
371 2203 405 2263 τό
421 2202 550 2271 ,ζώοντας
577 2198 771 2276 κατορύσσειν·
803 2201 862 2259 ἐπεὶ
888 2205 934 2261 καὶ

130 2291 289 2368 Ἀμηστριν
301 2289 354 2364 τὴν
366 2288 474 2364 Ξέρξεω
487 2289 604 2366 γυναῖκα
619 2284 794 2364 πυνθάνομαι
809 2289 934 2369 γηροϊσα-

135 2403 190 2438 σαν
213 2377 253 2439 δὶς
280 2376 350 2435 έπτοὶ
372 2374 507 2450 Περσέων
530 2373 631 2436 παῖδας
657 2373 757 2435 ἐόντων
781 2380 935 2453 ἐπιφανέων

135 2465 239 2541 ἀνδρῶν
251 2462 320 2539 ὑπὲρ
335 2465 436 2537 ἑωυτῆς
451 2463 490 2539 τῷ
503 2459 559 2521 ύττό
572 2466 627 2542 γῆν
640 2464 783 2546 λεγομένῳ
797 2465 866 2526 εἶναι
883 2468 936 2546 θεῷ

136 2552 362 2632 ἀντιχαρίζεσθαι
376 2548 632 2630 κατορύσσουσαν.)

89 2644 145 2701 115
199 2639 248 2703 Ὡς
261 2639 291 2698 δὲ
307 2638 363 2698 α’πὸ
379 2640 429 2698 τοῦ
448 2636 606 2715 Στρυμόνος
619 2639 765 2718 ἐπορεύετο
778 2641 795 2703 ό
807 2643 936 2720 στρατός,

136 2729 253 2788 ε’νθαῦτα
274 2724 344 2804 πρός
363 2725 447 2803 ἡλίου
468 2724 594 2803 δυσμέων
615 2729 677 2788 ἐστὶ
696 2732 831 2811 αἰγιαλός,
851 2736 880 2789 ἐν
899 2736 937 2808 τῷ

135 2815 282 2893 οἰκημένην
297 2814 435 2898 ’Ἄργιλον
455 2812 541 2874 πόλιν
559 2813 687 2876 Ἑλλάδα
707 2817 849 2896 παρεξήῖε·
867 2818 937 2893 αὕτη

135 2906 165 2965 δὲ
192 2904 238 2964 καὶ
266 2903 286 2980 ἦ
313 2903 467 2981 κατύπερθε
494 2902 595 2979 ταύτης
628 2905 758 2964 καλέεται
785 2906 936 2980 Βισαλτίη·

124 2995 258 3053 ἐνθεῦτεν
267 2992 305 3064 δὲ,
318 2992 429 3054 κόλπον
439 2988 489 3053 τόν
500 2992 546 3051 ἐπὶ
560 2991 731 3068 Ποσειδηΐου
745 2991 775 3060 ἐξ
788 2990 941 3067 ἀριστερῆς

101 3080 199 3154 Χερδς
211 3082 295 3162 ἔργων,
311 3082 361 3162 ἤϊε
377 3082 427 3146 διὰ
446 3081 556 3148 Συλέος
569 3080 668 3141 πεδίου
684 3079 946 3154 καλεομένου,ἳτό-

91 3186 199 3238 766001·
218 3171 317 3235 πόλιν
336 3172 477 3236 Ἑλλάδα
498 3167 772 3252 παραμειβόμενος,
788 3164 835 3221 καλ
851 3163 969 3218 ἆπϊκετῡ

77 3248 111 3304 ἐς
123 3247 288 3322 Ἄκανθον
297 3262 367 3343 ἅμα
376 3264 540 3349 α’γόμενος
546 3259 660 3324 τούτων
669 3256 800 3316 ἐκαστον
808 3254 865 3309 τῶν
875 3246 990 3306 ἐθνέων,
