2024 3450
96 107 204 174 23-26]
420 113 573 160 ΟΤΡΔΝῙΑ.
845 113 893 159 2⁸29

94 189 168 265 ἦσαν
184 190 214 250 δὲ
224 190 279 266 ικαὶ
297 188 345 249 δύο
360 189 500 266 μυριάδες·
520 189 726 268 ὑπολιπόμενος
741 188 847 251 τούτων
859 189 896 253 οἷς

93 279 209 356 χιλίους,
227 276 293 341 τοῦς
313 277 437 346 λοιποῦς,
454 275 579 355 τάφρους
600 278 775 355 ὀρυξάμενος,
799 279 893 356 ἔθαψε,

95 365 229 441 φυλλάδα
248 391 280 425 τε
302 365 447 440 ἐπιβαλὼν
466 365 512 422 καὶ
531 368 586 445 γῆν
605 366 827 442 ἐπαμησάμενος,
850 368 895 425 ἶνα

93 453 133 528 μὴ
158 453 316 530 ὀφθείησαν
338 451 393 511 ῦπδ
416 454 467 511 τοῦ
491 456 619 511 ναυτικοῦ
641 457 773 529 στρατοῦ·
809 453 844 516 ὦς
865 454 895 513 δέ

93 540 178 618 διέβη
198 546 226 604 ἐς
244 541 296 615 τὴν
315 539 452 615 Ἱστιαίην
468 537 483 598 ὁ
503 538 596 616 κήρυξ,
611 538 756 618 σύλλογον
776 541 894 615 ποιησά-

94 655 176 704 μενος
188 626 292 689 παντδς
305 632 356 687 τοῦ
373 626 565 702 στρατοπέδου
582 627 661 706 ἔλεγε
679 624 753 685 τάδε·
776 624 896 702 “άνδρες

94 715 250 793 σύμμαχοι,
270 712 410 790 βασιλεῦς
429 714 536 790 Ξέρξης
555 717 593 792 τῷ
618 713 785 792 βουλομένῳ
808 712 897 789 ῦμέων

94 801 278 878 παραδίδωσι,
293 799 443 861 ἐκλιπόντα
461 800 513 876 τήν
533 799 611 870 τάξιν
632 800 678 858 καὶ
698 800 817 860 ἐλθόντα
836 801 897 877 θεή-

95 890 204 949 σασθαι
233 888 303 952 ὅκως
334 888 455 967 μάχεται
488 888 558 966 πρὸς
588 888 653 950 τοῦς
680 886 812 962 ἀνοήτους
840 893 895 950 τῶν

96 975 253 1053 ἀνθρώπων,
272 976 299 1036 οἳ
313 974 440 1052 ἤλπισαν
457 976 510 1053 την
525 977 665 1052 βασιλέος
685 974 801 1054 δύναμιν
813 976 895 1055 ῦπερ-

60 1064 64 1072 ’
94 1063 279 1137 βαλέεσθαι.”
318 1066 411 1124 Ταῦτα
438 1065 684 1144 ἐπαγγειλαμένου,
711 1065 782 1141 μετά
808 1070 895 1126 ταῦτα
904 1068 942 1124 25

94 1150 172 1211 ου’δέν
195 1153 299 1232 ἐγίνετο
325 1153 432 1212 πλοίων
454 1151 652 1230 σπανιώτερον·
695 1151 765 1212 οῦτω
788 1156 895 1214 πολλοὶ

93 1238 196 1313 ἤθελον
230 1240 393 1316 θεήσεσθαι·
437 1241 679 1316 διαπεραιωθέντες
706 1241 736 1298 δὲ
763 1243 893 1316 ἐθηεῦντο
923 1313 927 1320 ¹

94 1326 237 1405 διεξιόντες
252 1328 316 1390 τοῦς
335 1328 455 1405 νεκρούς·
482 1327 583 1391 πάντες
603 1328 633 1386 δέ
654 1328 809 1402 ἠπιστέατο
831 1328 896 1391 τοῦς

94 1416 233 1491 κειμένους
247 1415 316 1474 εἶναι
328 1415 434 1478 πάντας
444 1414 679 1490 Λακεδαιμονίους
693 1415 739 1471 καὶ
748 1416 894 1488 Θεσπιέας,

93 1500 217 1576 ὁρέοντες
239 1501 284 1558 καὶ
307 1501 372 1563 τοῦς
394 1501 518 1563 εἵλωτας·
552 1499 584 1558 οὐ
606 1502 658 1576 μὲν
682 1499 737 1558 οὐδ’
763 1500 896 1561 ἐλάνθανε

93 1585 164 1648 τοῦς
177 1587 385 1662 διαβεβηκότας
403 1587 509 1663 Ξέρξης
526 1589 614 1645 ταῦτα
631 1586 739 1662 πρήξας
752 1588 821 1664 περὶΥ
831 1588 895 1652 τοῦς
970 1600 976 1609 '

94 1672 206 1756 νεκροῦς
224 1673 288 1737 τοῦς
310 1677 419 1733 ἑωυτοῦ·
441 1674 487 1732 καὶ
508 1672 563 1754 γάρ
587 1672 621 1748 δή
641 1678 754 1753 γελοῖον
774 1673 818 1749 ἦν·
839 1680 894 1737 τῶν

93 1762 145 1836 μέν
160 1762 251 1838 χίλιοι
272 1762 420 1836 ἐφαίνοντο
442 1760 533 1837 νεκροὶ
553 1761 680 1837 κείμενοι,
695 1764 721 1819 οἱ
738 1761 775 1831 δὲ,
795 1762 896 1826 πάντες

94 1847 191 1909 ἐκέατο
221 1847 301 1912 ἁλέες
335 1848 588 1928 συγκεκομισμένοι
615 1853 642 1910 ἐς
668 1847 757 1908 τώυτό
785 1850 894 1928 χωρίον,

30 2003 32 2006 ⁴
93 1935 227 2013 τέσσερες
252 1935 386 2014 χιλιάδες.
427 1934 530 2011 ταύτην
550 1937 601 2013 μὲν
623 1936 675 2011 τὴν
698 1936 804 2013 ἡμέρην
825 1938 896 2014 πρός

95 2022 160 2098 θέην
175 2021 336 2101 ἐτράποντο·
357 2022 428 2101 τῇδ’
445 2023 579 2103 ῦστεραίῃ
593 2026 620 2081 οἶ
637 2026 688 2099 μὲν
705 2022 855 2083 ἀπέπλωον
868 2030 896 2087 ἐς

92 2108 229 2187 Ἱστιαίην
245 2113 291 2171 ἐπὶ
308 2111 358 2173 τὰς
377 2115 452 2187 νῆας,
467 2114 494 2170 οἱ
512 2111 542 2170 δὲ
560 2109 636 2188 α’μφὶ
653 2110 759 2187 Ξέρξεα
782 2116 809 2173 ἐς
830 2109 896 2172 ὁδόν

92 2196 220 2275 ὁρμέατο.

126 2284 220 2350 Ἧκον
243 2287 274 2347 δέ
296 2294 352 2362 σφι
376 2286 530 2364 αὐτόμολοι
553 2285 648 2363 ἄνδρες
676 2285 724 2346 α’π’
747 2286 942 2365 Ἀρκαδίης26

93 2371 186 2455 ὀλίγοι
198 2379 276 2444 τινὲς,
287 2377 355 2451 βίου
364 2401 395 2434 τε
406 2375 530 2452 δεόμενοι
544 2375 590 2433 καὶ
604 2376 711 2457 ἐνεργοὶ
720 2376 894 2455 βουλόμενοι

94 2459 172 2519 εἶναι·
203 2462 317 2543 ἄγοντες
340 2463 370 2521 δὲ
393 2462 507 2525 τούτους
531 2467 558 2525 ἐς
582 2461 647 2538 ὄψιν
668 2463 720 2539 την
746 2465 893 2540 βασιλέος,

94 2547 279 2609 ἐπυνθάνοντο
309 2552 336 2608 οἱ
370 2550 482 2626 Πέρσαι
516 2550 580 2626 περὶ
610 2554 666 2610 τῶν
692 2550 838 2627 Ἑλλήνων
859 2552 896 2611 τά

93 2634 222 2694 ποιέοιεν·
242 2635 280 2698 εἶς
292 2635 324 2694 δέ
334 2661 375 2698 τις
387 2636 444 2713 πρό
458 2636 568 2697 πάντων
580 2635 615 2712 ἦν
626 2636 641 2697 ό
653 2638 783 2714 εἰρωτέων
796 2637 896 2702 αῦτοῦς

93 2725 190 2783 ταῦτα·
218 2717 295 2783 οἶδέ
314 2729 370 2800 σφι
392 2724 499 2804 ἔλεγον,
516 2724 551 2788 (ῦς
570 2724 714 2802 Ὀλύμπια
733 2725 827 2807 ἄγοιεν
849 2727 895 2785 καὶ

94 2810 235 2888 θεωρέοιεν
254 2809 349 2892 άγῦνα
368 2811 501 2892 γυμνικόν
522 2814 568 2872 καὶ
589 2812 712 2874 ἱππικόν·
743 2813 758 2872 ό
777 2814 806 2872 δέ
824 2815 894 2872 ἐπεί-

92 2921 156 2972 ρετο
180 2896 197 2958 ὅ
218 2924 247 2960 τι
265 2898 299 2959 ro*
322 2898 425 2959 ἄεθλον
449 2900 491 2975 εἴη
513 2905 570 2976 σφι
595 2900 722 2978 κείμενον
745 2901 809 2976 περὶ
832 2899 895 2959 ὅτευ

93 2982 288 3064 α’γωνίζονταις
317 2989 344 3046 οὶ
361 2986 384 3046 δ’
406 2987 484 3048 εἶπον
501 2991 552 3063 τῆς
572 2989 667 3065 ἐλαίης
682 2987 732 3048 τόν
754 2986 895 3062 διδόμενον

93 3073 245 3148 στέφανον.
296 3076 415 3136 ἐνθαῦτα
445 3077 523 3139 εἶπας
557 3075 670 3157 γνώμην
699 3073 913 3167 ηευυαιοτέιτλζ

93 3163 314 3241 Τριτανταίχμης
334 3161 351 3224 ὁ
372 3162 572 3243 Ἀρταβάνου,
597 3162 712 3234 δειλίην
743 3156 844 3250 &Q
858 3170 942 3215 ’Ψῖ

80 3247 235 3321 βασιλέος·
248 3252 471 3333 πυνθανόμενος
481 3250 592 3335 γὰρτὸ
602 3248 715 3310 δαῦλον
728 3240 780 3299 {hv
792 3234 973 3300 WWW'
990 3301 996 3312 .
