2024 3450
123 116 168 162 τοι
429 109 612 160 Ἦνοιουου
839 107 915 174 [vn.

117 192 217 254 πεκέας
231 191 340 270 ἔχοντες
353 189 560 267 ἐστρατεύοντο,
573 189 638 266 περὶ
651 189 682 249 δὲ
694 189 728 249 τό
741 193 825 266 σῶμα
839 193 917 251 κιθῶ-

118 304 176 341 νας·
204 279 249 338 ἐπὶ
271 279 309 347 δὲ,
329 275 419 355 ζειράς
440 278 682 354 περιβεβλημένοι
703 279 840 348 ποικίλας,
854 281 919 355 περὶ

118 366 148 425 δὲ
168 366 233 430 τούς
253 366 340 429 πόδας
360 392 391 425 τε
413 366 459 425 καὶ
479 364 530 428 τάς
552 365 657 441 κνήμας
678 365 780 424 πέδιλα
801 367 918 441 νεβρῶν·

117 453 187 532 πρός
203 455 240 524 δὲ,
256 453 369 513 άκόντιά
389 479 420 512 τε
441 453 487 512 καὶ
506 454 612 515 πέλτας
625 452 671 511 καὶ
684 452 834 531 ἐγχειρίδια
855 479 919 530 σμι-

119 540 177 620 κρά
223 540 312 621 (οὗτοι
332 541 361 600 δὲ
382 541 530 618 διαβάντες
542 542 594 617 μέν
607 545 635 603 ἐς
647 539 699 613 τὴν
712 539 821 616 Ἀσίην,
836 541 918 616 ἐκλή-

121 632 214 706 θησαν
228 630 350 690 Βιθυνοί·
370 628 403 689 τό
417 629 446 687 δέ
459 627 595 705 πρότερον
616 626 772 696 ἐκαλέοντο,
787 626 821 690 ὦς
839 628 918 688 αὐτοὶ

118 719 244 800 λέγουσι,
260 717 433 795 Στρυμόνιοι,
448 717 582 779 οἰκέοντες
595 716 640 774 ἐπὶ
655 712 803 791 Στρυμόνι·
824 717 917 786 ἐξανα-

118 809 220 881 στῆναι
238 805 269 864 δέ
284 812 358 880 φασι
377 804 408 874 ἐξ
424 804 514 878 ἠθέων
534 802 589 863 ύπδ
603 807 729 879 Τευκρῶν
745 829 776 861 τε
797 805 842 862 καὶ
856 811 916 863 Μυ-

72 893 109 953 76
119 893 198 970 σῶν.)
241 893 366 968 Θρηίκων
380 891 409 949 δὲ
422 893 476 950 τῶν
493 896 522 949 ἐν
534 895 570 968 τῇ
582 890 666 969 Ἀσίη
679 889 750 969 ἦρχε
764 891 917 967 Βασσάκης

118 978 135 1038 ό
147 978 335 1055 Ἀρταβάνου.
372 976 533 1039 ...άσπίδας
547 978 576 1036 δὲ
591 977 748 1053 ὠμοβοΐνας
763 977 838 1057 εἶχον
852 1005 916 1054 σμι-

119 1066 193 1143 κράς,
214 1065 260 1124 καὶ
278 1064 440 1143 προβόλους
458 1064 506 1124 δύο
527 1066 693 1146 λυκοεργέας
711 1060 829 1128 ἕκαστος
851 1066 915 1145 εἶχε·

118 1153 164 1213 ἐπὶ
177 1153 207 1212 δέ
219 1157 287 1232 τῇσι
301 1157 445 1232 κεφαλῇσι
459 1152 559 1230 κράνεα
576 1152 694 1231 χάλκεα·
715 1153 786 1229 πρός
799 1154 828 1213 δὲ
841 1159 918 1214 τοῖσι

118 1239 240 1318 κράνεσι,
266 1240 323 1302 ὦτά
346 1268 377 1301 τε
402 1241 448 1300 καὶ
469 1241 548 1317 κέρεα
571 1244 683 1317 προσῆν
707 1240 777 1316 βοός
799 1241 917 1320 χάλκεα·

36 1380 39 1385 .
118 1333 227 1405 ἐπῆσαν
241 1329 271 1388 δέ
286 1330 331 1388 καὶ
344 1328 442 1405 λόφοι·
463 1327 513 1391 τάς
533 1329 563 1387 δέ
584 1328 688 1404 κνήμας
708 1327 807 1404 ῥάκεσι
829 1336 917 1403 φοινι-

118 1418 207 1477 κέοισι
230 1419 417 1498 κατειλίχατο.
460 1417 501 1496 (ἐν
526 1415 652 1477 τούτοισι
678 1415 796 1491 α’νδράσι
817 1414 918 1492 Ἀρεός

70 1504 107 1565 77
118 1509 179 1564 ἐστι
192 1505 387 1587 χρηστήριον.)
425 1506 576 1580 Καβηλέες
590 1504 627 1574 δὲ,
639 1508 666 1563 οἱ
679 1505 809 1579 Μηίονες,
823 1503 917 1564 Λασό-

117 1619 170 1652 νιοι
187 1594 216 1653 δέ
237 1594 409 1671 καλεύμενοι,
423 1594 475 1669 τὴν
497 1591 582 1668 αύτην
596 1593 693 1662 Κίλιξι
714 1591 789 1669 εἶχον
806 1592 916 1668 σκευήν·

117 1681 169 1756 τὴν
182 1681 245 1762 ἐγιό,
260 1682 343 1742 ἐπεάν
357 1683 427 1742 κατά
442 1680 493 1758 τὴν
508 1682 632 1740 Κιλίκων
649 1680 727 1750 τάξιν
747 1679 853 1749 διεξιών
873 1682 917 1760 γέ-

118 1793 213 1843 νωμαι,
232 1769 296 1828 τότε
314 1771 453 1845 σημανέω.
495 1767 604 1827 Μιλύαι
626 1768 656 1827 δέ
674 1766 777 1846 αἰχμάς
798 1793 829 1826 τε
847 1769 916 1843 βρα·

117 1855 184 1932 χέας
208 1854 291 1932 εἶχον,
319 1857 365 1913 καὶ
392 1857 490 1931 εἵματα
518 1856 748 1932 ἐνεπεπορπέατο.
791 1856 868 1933 εἶχον
889 1855 918 1913 δέ

118 1939 207 2000 αύτῶν
227 1941 295 2011 τόξα
315 1941 486 2019 μετεξέτεροι
500 1941 600 2001 Λύκια·
622 1943 686 2019 περὶ
700 1942 729 2000 δέ
742 1945 811 2018 τῇσι
832 1949 917 2016 κεφα·

57 2054 61 2059 ·
117 2031 188 2107 λῇσι
215 2033 244 2088 ἐκ
272 2030 423 2107 διφθερέων
448 2031 636 2105 πεποιημένας
660 2028 763 2090 κυνέας.
811 2029 916 2088 τούτων
969 2048 972 2053 “

71 2115 110 2173 78
117 2115 227 2176 πάντων
239 2116 309 2195 ἦρχε
322 2117 432 2193 Βάδρης
445 2116 460 2176 ό
474 2116 633 2178 Ὑστάνεος.
675 2114 793 2192 Μόσχοι
810 2115 839 2173 δὲ
852 2118 917 2191 περὶ

117 2206 168 2276 μὲν
186 2207 255 2281 τῇσι
277 2208 421 2281 κεφαλῇσι
443 2204 537 2264 κυνέας
558 2202 670 2270 ξυλίνας
691 2202 774 2279 εἶχον,
795 2202 917 2267 άσπίδας

118 2289 206 2348 δὲκαὶ
220 2290 323 2367 αἰχμάς
343 2289 473 2365 σμικράς·
496 2287 599 2367 λόγχαι
613 2289 642 2347 δὲ
657 2292 767 2364 ἐπῆσαν
783 2290 916 2370 μεγάλαι.

119 2377 273 2453 Τιβαρηνοὶ
294 2376 324 2435 δὲ
343 2377 389 2434 καὶ
405 2375 556 2451 Μάκρωνες
576 2376 622 2434 καὶ
640 2375 815 2437 Μοσύνοικοι
836 2378 918 2438 κατά-

73 2503 80 2534 ,
119 2489 170 2540 περ
184 2462 302 2543 Μόσχοι
316 2463 517 2540 ἐσκευασμένοι
533 2463 740 2540 ἐστρατεύοντο·
761 2465 875 2530 τούτους
888 2467 918 2526 δὲ

67 2547 78 2599 '1‘
120 2551 297 2611 συνέτασσον
315 2549 447 2631 ἄρχοντες
467 2551 534 2610 οἶδε·
555 2551 693 2632 Μόσχους
705 2555 757 2630 μὲν
771 2555 816 2613 καὶ
828 2556 918 2632 Τιβα-

117 2638 223 2714 ρηνούς,
237 2637 422 2715 Ἀριόμαρδος
437 2638 454 2700 ό
468 2640 588 2717 Δαρείου
601 2666 632 2699 τε
645 2643 711 2704 παῖς
725 2642 770 2700 καὶ
784 2642 918 2719 Πάρμυος

115 2728 166 2802 τῆς
185 2725 319 2803 Σμέρδιος
336 2731 386 2787 τοῦ
407 2726 511 2805 Κύρου,
532 2727 689 2804 Μάκρωνας
709 2729 739 2788 δὲ
760 2730 806 2788 καὶ
819 2734 917 2788 Μοσυ-

116 2816 223 2879 νοίκους
235 2813 406 2893 Ἀρταΰκτης
427 2816 443 2876 ό
457 2814 627 2893 Χεράσμιος,
642 2815 672 2878 ὃς
686 2816 798 2891 Σηστόν
816 2816 869 2891 την
889 2821 919 2876 ἐν

62 2904 104 2960 79
115 2902 320 2985 Ἑλλησπόντῳ
341 2902 516 2983 ἐπετρόπευε.
558 2906 656 2979 Μᾶρες
676 2902 706 2961 δὲ
726 2903 772 2961 ἐπὶ
786 2905 838 2978 μὲν
850 2907 918 2981 τῇσι

90 2995 251 3070 Κεφαλῆσι
272 2991 381 3074 κράνεα
405 2991 544 3077 ἐπιχώρια
564 2987 675 3052 πλεκτὰ
696 2989 782 3068 εἶχον,
799 2989 919 3052 ἀσπίδας

74 3068 112 3127 3⁶⁸
125 3076 310 3154 &pflarc'ras
324 3088 455 3170 σμικράς
468 3085 519 3149 καὶ
531 3082 666 3147 ἀκόντια.
696 3077 817 3156 Κόλχοι
826 3075 861 3133 δε
871 3078 939 3149 περὶ

52 3157 124 3221 μὲν
139 3169 219 3241 Τῇσι
232 3181 407 3262 κεφαλῇσι
421 3179 535 3263 κράνεα
550 3175 673 3251 ξύλιναι
686 3165 814 3231 ὖῦπῖδαῖ
827 3162 864 3220 B}
882 3161 970 3263 3⁸⁹⁰}

73 3243 166 3312 οἴνας
190 3269 338 3346 σμικρᾶς
364 3275 489 3360 αἰχμάς
516 3297 552 3337 τε
582 3261 733 3349 βραχέας
758 3253 836 3333 ἵΡδς
857 3247 904 3320 ξδ’
928 3265 979 3301 ⁸⁰³*
