2024 3450
89 115 136 160 ωε
391 110 575 160 Ἥνοιοτοτ
828 112 893 178 [ιιι.

38 208 42 215 “
88 195 116 251 οἱ
135 190 165 248 δὲ
183 191 295 266 Πέρσαι
311 189 466 266 πυθόμενοί
481 195 574 265 σφεας
588 187 771 266 προσπλέειν,
787 189 896 272 (ἐνῆγον

87 278 134 337 καὶ
148 277 227 336 αι’τοὶ
240 277 310 354 πρός
322 277 374 353 τήν
386 276 501 354 ἤπειρον
518 276 568 341 τάς
584 277 647 340 νέας
664 275 716 340 τάς
728 277 829 348 ἄλλας,
844 281 895 344 τάς

87 365 117 423 δέ
130 366 263 424 Φοινίκων
279 364 388 440 άπῆκαν
406 365 567 423 ἀποπλέειν·
589 364 825 440 βουλευομένοισι
839 368 895 448 γάρ

86 459 143 527 σφι
171 452 262 512 ἐδόκεε
286 452 441 530 ναυμαχίην
463 453 503 529 μή
527 452 683 511 ποιέεσθαι·
719 450 753 511 ού
776 453 832 533 γάρ
857 455 895 515 ὦν

86 540 196 601 ἐδόκεον
218 540 311 618 ὁμοῖοι
333 540 411 599 εἶναι·
439 544 466 602 ἐς
483 540 513 599 δὲ
532 539 584 614 τήν
604 539 721 616 ἤπειρον
738 539 894 614 ἀπέπλεον,

85 627 155 692 ὅκως
166 632 231 688 ἐωσι
239 629 294 688 ύπὸ
303 629 352 688 τόν
362 627 446 705 πεζόν
459 627 582 705 στρατόν
594 627 644 686 τόν
655 627 797 705 σφέτερον
811 629 894 691 ἐόντα

86 721 117 776 ἐν
129 720 164 795 τῇ
178 716 310 795 Μυκάλη·
329 715 367 784 ὃς,
383 715 565 777 κελεύσαντος
578 715 693 801 Ξέρξεω,
708 720 893 795 καταλελειμ-

84 806 168 881 μένος
189 808 239 864 τού
263 803 355 862 ἄλλου
372 806 501 880 στρατοῦ,
524 800 631 878 Ἰωνίην
651 801 814 877 ἐφύλασσε·
842 811 893 864 τοῦ

85 893 196 967 πλῆθος
215 895 266 968 μέν
286 890 321 966 ἦν
342 890 373 960 ἐξ
391 890 529 967 μυριάδες·
565 889 736 971 ἐστρατήγεε
757 890 789 951 δὲ
805 891 892 953 αὐτοῦ

84 978 229 1057 Τιγράνης,
253 978 354 1036 κάλλεΐ
374 1003 405 1036 τε
426 979 472 1037 καὶ
494 977 611 1059 μεγάθεϊ
628 976 793 1054 ὑπερφέρων
817 985 891 1058 Περ

84 1066 166 1124 σέων.
207 1064 262 1123 ύπό
286 1068 386 1123 τοῦτον
406 1068 458 1140 μέν
480 1065 514 1140 δή
535 1065 585 1125 τόν
606 1064 730 1142 στρατόν
756 1068 890 1142 ἐβουλεύ-

84 1178 172 1211 σαντο
205 1150 411 1232 καταφυγόντες
443 1155 469 1211 οἱ
495 1157 546 1213 τοῦ
575 1155 703 1213 ναυτικοί·
733 1159 889 1237 στρατηγοὶ

84 1240 228 1316 ἀνειρύσαι
246 1238 296 1302 τάς
314 1240 384 1309 νέας,
402 1239 447 1297 καὶ
467 1240 677 1316 περιβαλέσθαι
695 1240 784 1316 ἕρκος,
802 1244 889 1320 ἔρυμα

36 1329 74 1390 97
84 1333 138 1388 τῶν
161 1333 228 1388 νεῶν
250 1329 296 1387 καὶ
315 1329 413 1404 σφέων
435 1326 525 1387 αύτῶν
548 1326 752 1408 κρησφύγετον.
795 1335 887 1390 Ταῦτα

82 1417 310 1494 βουλευσόμενοι
331 1416 476 1497 ἀνήγοντο·
508 1415 672 1492 ἀπικόμενοι
698 1415 728 1475 δέ
754 1417 833 1494 παρά
853 1419 886 1480 τό

82 1509 138 1564 τῶν
151 1506 292 1565 Ποτνιέων
308 1505 367 1582 ἱρόν
384 1508 435 1580 τῆς
452 1503 590 1580 Μυκάλης
606 1509 634 1568 ἐς
652 1504 785 1564 Γαίσωνά
797 1531 829 1565 τε
842 1508 886 1565 καὶ

83 1593 289 1663 Σκολοπόεντα,
309 1597 344 1672 τῇ
363 1593 513 1669 Δήμητρος
527 1591 703 1669 Ἐλευσινίης
722 1594 802 1653 ἐστὶν
819 1594 885 1672 ἱρόν,

80 1681 115 1740 τό
147 1682 283 1743 Φίλιστος
310 1681 326 1740 ό
356 1683 518 1744 Πασικλέος
547 1680 680 1757 ἱδρύσατο
712 1681 824 1762 Νείλεω
849 1688 888 1762 τῷ

82 1768 194 1845 Κόδρου
213 1769 399 1845 ἐπισπόμενος
415 1770 461 1827 ἐπὶ
477 1768 609 1843 Μιλήτου
627 1767 750 1838 κτιστύν,
768 1771 886 1830 ἐνθαῦτα

80 1853 131 1917 τός
151 1881 182 1914 τε
205 1856 267 1918 νέας
288 1856 437 1932 ἀνείρυσαν
459 1857 505 1914 καὶ
520 1855 726 1933 περιεβάλοντο
744 1857 822 1933 ἐρκος
840 1861 885 1917 καὶ

80 1943 168 2004 λίθων
194 1944 240 2001 καὶ
264 1942 361 2013 ξύλων,
387 1943 498 2021 δένδρεα
524 1943 689 2022 ἐκκόψαντες
714 1942 814 2021 ἥμερα,
839 1951 886 2006 καὶ

80 2031 227 2096 σκόλοπας
240 2033 303 2109 περὶ
316 2031 349 2091 τό
367 2032 444 2108 ἐρκος
461 2031 625 2108 κατέπηξαν·
647 2032 694 2090 καὶ
712 2034 884 2109 παρεσκευά-

80 2120 149 2179 δατο
173 2120 208 2183 ὦς
230 2120 485 2197 πολιορκησόμενοι
513 2120 558 2179 καὶ
585 2119 621 2182 οἷς
647 2117 818 2195 νικήσοντες,
843 2119 884 2181 ἐπ’

81 2208 237 2284 ἀμφότερα·
260 2208 453 2288 ἐπιλεγόμενοι
465 2208 521 2289 γάρ
535 2207 786 2286 παρεσκευάζοντο.

32 2298 71 2354 98
122 2298 158 2351 Οἱ
172 2295 201 2351 δὲ
214 2294 353 2369 Ἕλληνες
369 2295 404 2357 ὦς
421 2295 556 2355 ἐπύθοντο
572 2295 722 2377 οἰχωκότας
734 2296 800 2361 τούς
811 2299 884 2376 βαρ·

79 2379 185 2456 βάρους
206 2385 233 2441 ἐς
252 2381 304 2454 τήν
324 2380 447 2456 ήπειρον,
466 2382 589 2460 ἤχθοντο
607 2382 643 2446 ὦς
661 2384 883 2466 ἐκπεφευγότων·

79 2473 109 2526 ἐν
129 2466 232 2544 ἀπορίη
252 2493 283 2526 τε
304 2468 412 2545 εἴχοντο
433 2468 449 2527 ό
468 2495 496 2528 τι
516 2471 641 2540 ποιέωσι,
656 2471 710 2530 εἴτε
730 2470 884 2533 άπαλλόσὲ

77 2580 182 2614 σωνται
203 2554 294 2613 ὀπίσω
315 2557 369 2614 εἴτε
391 2558 570 2617 καταπλέωσι
590 2557 633 2617 ἐπ’
652 2557 882 2635 Ἑλλησπόντου·

77 2643 159 2704 τέλος
172 2640 194 2700 δ’
207 2642 282 2712 ἔδοξε
291 2643 395 2703 τούτων
405 2648 457 2721 μὲν
466 2645 603 2723 μηδέτερα
615 2646 728 2717 ποιέειν,
740 2648 884 2706 ἐπιπλέειν

98 2732 110 2788 ὲ
123 2730 168 2788 ἐπὶ
181 2730 233 2805 τήν
246 2729 371 2807 ἤπειρον·
392 2733 674 2810 παρασκευασάμενοι
687 2733 725 2793 ὧν
738 2739 766 2798 ἐς
779 2759 882 2811 ναυμα-

76 2819 141 2896 χίην
155 2819 200 2877 καὶ
213 2817 380 2898 ἀποβάθρας
397 2821 442 2879 καὶ
458 2820 493 2879 τά
512 2820 590 2879 ἄλλα
608 2820 683 2881 ὅσων
700 2822 765 2892 ἔδεε,
779 2822 883 2882 ἐπλεον

77 2907 122 2964 ἐπὶ
142 2911 192 2983 τῆς
212 2907 358 2983 Μυκάλης.
400 2909 460 2967 ἐπεὶ
480 2909 510 2968 δὲ
530 2907 620 2990 άγχού
638 2935 670 2968 τε
687 2910 812 2991 ἐγίνοντο
831 2912 882 2970 τοῦ

75 2997 275 3069 στρατοπέδου,
290 2997 335 3054 καὶ
349 2995 437 3059 οὐδεὶς
450 2997 579 3072 ἐφαίνετό
592 3003 649 3073 σφι
663 2998 880 3079 ἐπαναγόμενος,

15 3026 148 3248 *apa*
162 3083 240 3164 κόρων
253 3084 316 3149 νέας
329 3083 537 3162 ἀνελκυσμένας
549 3086 604 3144 ἐσω
616 3089 666 3143 τοῦ
679 3088 793 3162 τείχεος,
809 3090 881 3145 πολ-

93 3170 119 3233 ’ν
144 3176 179 3236 δέ
200 3177 291 3251 πεζόν
310 3173 556 3255 παρακεκριμένον
580 3170 659 3245 παρὰ
679 3170 728 3227 τόν
750 3171 889 3244 ‹3qu,

95 3260 182 3326 ἐαῦτα
197 3272 319 3348 πρῶτον
330 3269 389 3347 μὲν
399 3270 430 3327 ἐν
441 3266 481 3344 τῇ
492 3260 544 3338 νηλι
556 3250 910 3335 παραπλέων,ὶγχρλωγοπ
