2024 3450
152 113 198 158 ιιι
453 113 636 161 τιτοιοτοτ
871 110 952 178 [vn.

154 192 206 265 μὲν
225 189 278 265 τὴν
298 190 393 268 ἑτέρην
407 195 462 252 τῶν
474 194 616 273 γεφυρέων
626 189 681 267 τὴν
693 189 764 268 πρός
775 194 826 252 τοῦ
840 192 954 257 Πόντον

154 276 172 335 ὁ
185 277 268 348 πεζός
284 304 315 338 τε
328 280 374 338 καὶ
387 279 405 355 ἡ
420 280 505 343 ἵππος
521 279 713 350 ἅπασα,,καταὶ
727 279 756 337 δὲ
769 279 821 355 τὴν
834 280 905 356 πρός
917 281 953 342 τό

154 369 271 445 Αἰγαῖον
291 365 327 426 τό
348 366 484 448 ὑποζύγια
506 368 552 426 καὶ
572 367 590 443 ἡ
614 368 758 444 θεραπηίη·
783 367 954 448 ἡγέοντοδὲ

153 458 250 529 πρῶτα
262 456 314 531 μὲν
327 459 353 515 οἶ
365 455 460 532 μύριοι
473 455 585 533 Πέρσαι
604 456 827 531 ἐστεφανωμένοι
842 455 952 529 πάντες,

152 541 225 617 μετὰ
238 543 268 602 δὲ
279 543 394 608 τούτους
406 543 422 604 ό
433 544 588 622 σύμμικτος
596 543 716 620 στρατός
727 543 865 602 παντοίων
879 546 952 605 ε’θνέ-

154 657 200 690 ων.
241 630 343 708 ταύτην
356 635 408 709 μὲν
421 632 472 708 τὴν
485 632 591 710 ἡμέρην
605 628 691 691 οὗτοι·
711 635 748 710 τῇ
766 631 795 690 δὲ
808 630 952 711 ὑστεραίῃ,

153 723 259 796 πρῶτοι
273 722 325 797 μὲν
343 720 373 779 οἵ
387 745 419 780 τε
437 719 552 780 ἱππόται
571 719 617 778 καὶ
637 722 664 778 οἱ
683 719 733 782 τός
749 718 857 800 λόγχας
879 719 952 781 κότω

152 808 307 883 τρέποντες·
329 806 521 881 ἐστεφάνωντο
542 807 571 866 δὲ
593 807 639 866 καὶ
662 805 748 867 οὗτοι·
772 806 843 883 μετὰ
864 807 902 879 δὲ,
925 812 953 889 οζ

323 893 543 917 ccxxxv
638 893 764 919 ΗΙς

152 920 183 952 τε
205 895 284 953 ἵπποι
306 921 332 953 οι
351 920 405 971 ιροι
418 921 464 953 και
477 921 510 953 το
524 921 601 971 αρμα
613 921 647 954 το
662 920 736 971 ιρον·.
751 895 796 954 επὶ
817 894 854 965 δὲ,
869 895 951 961 αύτός

152 1007 183 1040 τε
206 983 311 1057 Ξέρξης
338 981 383 1040 καὶ
407 984 433 1040 οἱ
457 983 637 1060 αἰχμοφόροι,
661 983 708 1040 καὶ
731 985 758 1042 οἱ
782 983 897 1043 ἱππόται
925 991 952 1046 οἱ

151 1069 249 1146 χίλιοι·
264 1070 309 1128 ἐπὶ
323 1069 352 1128 δὲ
364 1069 491 1129 τούτοισι
503 1069 519 1130 ό
533 1069 623 1133 ἄλλος
635 1068 764 1148 στρατός·
786 1073 833 1129 καὶ
846 1075 874 1131 αἱ
887 1076 951 1148 νῆες

153 1154 214 1233 ἅμα
231 1155 367 1238 όνὴγοντο
389 1162 416 1220 ές
437 1157 488 1233 τὴν
509 1157 682 1219 ἀπεναντίον.
724 1157 777 1234 ἤδη
792 1158 825 1235 δὴ
839 1157 950 1235 ἥκουσα

152 1244 198 1302 καὶ
217 1243 338 1305 ὕστατον
359 1245 491 1321 διαβῆναι
510 1247 638 1322 βασιλέα
657 1245 777 1307 πάντων.

103 1333 142 1391 56
191 1333 297 1410 Ξέρξης
310 1333 339 1392 δὲ
353 1335 414 1392 ε’πεί
430 1359 462 1393 τε
475 1334 558 1412 διέβη
572 1339 600 1398 ἔς
616 1333 669 1410 τὴν
682 1333 827 1411 Εύριύπην,
842 1337 950 1412 ἐθηεῖτο

149 1419 200 1481 τόν.
221 1420 343 1498 στρατόν
364 1421 418 1482 ύπό
439 1423 585 1504 μαστίγων
606 1423 795 1500 διαβαίνοντα·
818 1423 898 1499 διέβη
920 1425 950 1485 δὲ

150 1507 305 1586 όστρατδς
322 1509 407 1570 αύτοῦ
426 1515 455 1572 ε’ν
474 1513 543 1572 ἔπταὶ
561 1511 683 1590 ἡμέρησι
702 1512 747 1570 καὶ
768 1516 797 1570 ἐν
818 1512 886 1571 ἑπταὶ
907 1513 949 1571 εύ-

150 1597 282 1677 φρόνῃσι,
297 1597 427 1676 ἐλινύσας
440 1599 537 1659 οὐδένα
549 1599 661 1679 χρόνον.
696 1601 814 1661 ἐνθαῦτα
827 1601 947 1679 λέγεται,

149 1685 257 1762 Ξέρξεω
277 1684 330 1762 ἤδη
344 1686 549 1763 διαβεβηκότος
561 1686 611 1747 τόν
623 1686 846 1762 Ἑλλήσποντον,
861 1686 949 1763 ἄνδρα

149 1775 235 1830 εἰπεῖν
247 1772 482 1849 Ἑλλησπόντιον·
504 1775 552 1834 “ιῖι
566 1778 627 1843 Ζεῦ,
641 1776 672 1833 τί
689 1773 723 1848 δὴ
744 1770 822 1847 ἅνδρὶ
843 1772 947 1849 εἰδόμε-

148 1883 195 1920 νος
213 1860 313 1937 Πέρσῃ
334 1861 379 1919 καὶ
402 1860 506 1936 ούνομα
528 1862 589 1921 ἀντὶ
610 1860 677 1923 Διός
697 1859 802 1934 Ξέρξεα
823 1861 946 1936 θέμενος,

147 1943 306 2005 ἀνάστατον
318 1946 369 2022 τὴν
381 1945 508 2006 Ἑλλάδα
527 1951 631 2009 ἐθέλεις
643 1950 762 2021 ποιῆσαι
783 1945 857 2025 ἄγων
877 1949 945 2008 πάν-

146 2059 197 2096 τας
209 2032 385 2110 ἇνθριύπουςς
408 2035 521 2114 καὶγὰρ
535 2035 597 2094 ἄνευ
611 2033 714 2094 τούτων
727 2032 792 2106 ε’ξὴν
808 2058 852 2091 τοι
870 2038 945 2095 ποιέ-

147 2147 187 2182 ειν
205 2122 319 2183 ταῦτα.”

100 2206 136 2268 57
185 2208 235 2273 Ὠς
255 2210 284 2269 δὲ
303 2211 440 2285 διέβησαν
457 2209 565 2277 πάντες,
579 2214 606 2271 ἐς
619 2207 685 2267 ὁδόν
699 2207 888 2285 ὁρμημένοισι
900 2214 944 2272 τέ-

144 2320 196 2369 ρας
208 2301 264 2370 σφι
278 2295 368 2371 ε’φιίνη
379 2296 460 2375 μέγα,
471 2294 503 2354 τό
515 2295 619 2371 Ξέρξης
632 2299 661 2353 ἔν
675 2294 765 2354 ούδενὶ
778 2296 855 2376 λόγῳ
870 2303 943 2358 ε’ποι·

109 2403 115 2413 ·
145 2379 237 2456 ἡσατο
255 2383 304 2441 καί
321 2408 374 2459 περ
395 2380 595 2458 εύσύμβληταν
615 2382 670 2443 έόν·
693 2384 776 2447 ἵππος
792 2385 848 2466 γοὶρ
869 2387 943 2446 ἔτεκε

144 2467 244 2548 λαγόν.
286 2468 498 2550 (εὐσύμβλητον
520 2468 557 2530 ὧν
574 2471 641 2551 τῇδε
658 2476 742 2532 τοῦτο
763 2466 887 2554 ἐγένετο,Ι
899 2475 942 2534 ὅτι

145 2556 247 2630 ἔμελλε
266 2560 318 2635 μὲν
338 2561 406 2618 ε’λᾶν
426 2557 560 2635 στρατιὴν
576 2559 622 2619 ἐπὶ
632 2560 685 2636 τὴν
696 2559 823 2620 Ἑλλάδα
836 2563 942 2639 Ξέρξης

143 2641 320 2724 ἀγαυρότατα
340 2646 387 2707 καὶ
405 2647 701 2727 μεγαλοπρεπέστατα,
718 2648 810 2709 ὀπίσω
828 2649 858 2708 δὲ
878 2650 941 2725 περὶ

143 2734 244 2792 ἑωυτοῦ
263 2734 368 2815 τρέχων
387 2734 463 2811 ἥξειν
476 2739 504 2798 ές
516 2735 565 2797 τόν
579 2735 663 2798 αύτόν
678 2738 790 2817 χῶρον.)
826 2738 941 2818 ’ἐγένετο

143 2821 173 2880 δὲ
193 2820 239 2880 καὶ
260 2821 353 2901 ἔτερον
372 2822 445 2902 αὐτῷ
456 2824 537 2900 τέρας
550 2825 623 2885 ἐόντι
636 2829 665 2885 έν
679 2824 806 2903 Σάρδισι·
827 2825 941 2901 ἡμίονος

142 2909 197 2991 γὰρ
211 2911 286 2971 ἔτεκε
298 2911 414 2989 ἡμίονον
427 2911 490 2982 διξὰ
504 2914 625 2990 ἔχουσαν
638 2913 737 2982 αἰδοῖα,
750 2914 787 2973 τό
799 2916 851 2991 μὲν
865 2914 939 2989 ἔρσε-

131 3024 187 3069 νος,
203 2999 242 3060 ταί
254 3000 286 3061 δέ
298 3001 413 3081 θηλέης·
435 2999 590 3080 κατύπερθε
603 3001 633 3060 δὲ
644 3000 680 3078 ἦν
697 3001 735 3061 τοὶ
748 3008 798 3061 τοῦ
819 3003 938 3078 ἔρσενος.

63 3081 109 3136 ἐὸ
120 3089 185 3145 Τῶν
198 3088 379 3174 αμφωέρων
393 3092 488 3178 λόγον
504 3090 606 3153 οὐδένα
618 3088 825 3166 ποιησόμενος,
834 3086 869 3142 ’ὦ
887 3084 953 3154 “³⁹3''

97 3193 149 3228 ‹ra›
170 3179 347 3258 ε’πὀρεύετσ
371 3186 433 3251 σύν
447 3185 483 3247 δέ
498 3187 526 3247 οἱ
541 3182 559 3246 ό
574 3180 666 3254 πεζὸς
681 3172 816 3253 στρατὸς·
839 3169 901 3225 ὁδὶ
909 3187 974 3266 νηο·

81 3257 174 3322 '‘⁸⁰⁸‘'
188 3266 247 3336 ἔξω
263 3274 324 3338 τόν
344 3276 602 3360 Ἑλλήσποντον
622 3266 741 3332 πλέων,
753 3253 838 3330 vap&
855 3253 912 3323 Ἳῗλν
933 3266 987 3298 “⁰³
