2024 3450
113 107 253 172 165-168]
422 111 608 159 ΠΟΛΤΜΝῙΑ.
866 111 911 156 1δ9

111 189 246 248 καυθέντα
272 188 473 265 ἀφανισθῆναι.
517 189 701 265 ἀφανισθέντι
727 188 756 248 δὲ
788 186 912 265 Ἀμίλκᾳ

109 275 202 353 τρόπω
223 277 276 334 εἴτε
293 274 407 354 τοιούτῳ
426 275 461 338 ως
476 277 600 338 Φοίνικες
616 276 741 357 λέγουσι,
759 275 813 335 εἴτε
829 275 911 354 ἑτέρῳ

110 361 144 424 ὥς
164 364 357 439 Συρηκούσιοι,
373 362 561 440 Καρχηδόνιοι
581 366 663 421 τοῦτο
683 363 735 438 μέν
755 367 782 421 οἱ
803 362 909 431 θύουσι,

69 461 73 468 ’
107 453 190 508 τοῦτο
208 451 237 508 δὲ
254 450 386 526 μνήματα
405 450 540 524 ε’ποίησαν
557 453 585 508 ε’ν
602 448 713 526 πάσησι
727 453 794 525 τῇσι
810 450 910 507 πόλισι

108 541 162 595 τῶν
176 537 331 606 ἀποικίδων,
346 543 375 596 ἒν
388 535 458 614 αὐτῇ
471 562 502 595 τε
514 536 650 616 μέγιστον
664 535 833 612 Καρχηδόνι.
874 536 910 594 τά

109 626 160 699 μὲν
173 624 228 683 ἀπό
244 625 372 699 Σικελίης
385 627 520 683 τοσαῦτα.

143 715 310 787 Κερκυραῖοι
321 711 349 768 δὲ
360 709 425 769 τάδε
432 708 645 788 ἀποκρινάμενοι
655 712 731 768 τοῖσι
742 707 890 789 ἀγγέλοισι
901 711 956 767 168

109 798 201 856 τοιάδε
221 798 364 872 ἐποίησαν·
386 798 431 856 καὶ
447 797 502 879 γάρ
518 797 632 859 τούτους
645 795 867 873 παρελάμβανον
883 800 910 855 οἱ

110 884 189 943 αὐτοὶ
206 886 285 961 οἵπερ
305 885 350 942 καὶ
367 890 393 948 ε’ς
412 886 541 961 Σικελίην
561 882 688 953 ἀπίκατο,
703 884 832 963 λέγοντες
844 884 909 947 τούς

110 969 208 1035 αὐτοῦς
226 972 327 1053 λόγους
345 972 409 1035 τούς
425 974 470 1031 καὶ
486 973 555 1049 πρὸς
575 972 688 1030 Γέλωνα
704 972 810 1054 ἔλεγον·
835 975 861 1032 οἱ
878 972 908 1032 δὲ
933 1000 937 1008 ·

108 1062 262 1135 παραυτίκα
280 1063 332 1135 μὲν
350 1060 504 1140 ὑπίσχοντο
524 1061 645 1139 πέμψειν
659 1086 691 1120 τε
709 1060 755 1119 καὶ
772 1059 906 1138 ἀμυνέειν,

108 1146 259 1223 φράζοντες
272 1146 308 1212 ἀς
321 1146 353 1208 οὔ
366 1154 421 1224 σφι
434 1150 584 1225 περιοπτέη
598 1148 659 1208 ε’στὶ
671 1147 690 1223 ἦ
703 1148 809 1211 Ἑλλάς
819 1147 905 1224 ἀπολ·

107 1236 222 1311 λυμένη·
242 1234 277 1310 ἢν
292 1235 346 1315 γάρ
361 1240 472 1314 σφαλῇ,
488 1240 573 1311 σφεῖς
585 1261 618 1316 γε
633 1235 711 1294 οὐδὲν
724 1236 799 1294 ἄλλο
813 1234 830 1310 ἢ
844 1236 904 1294 δου·

106 1320 242 1382 λεόσουσι
257 1350 291 1400 τη
309 1325 403 1401 πρώτη
421 1327 475 1382 τῶν
493 1322 626 1399 ήμερέων·
648 1321 725 1380 ἀλλά
738 1323 906 1397 τιμωρητέον

107 1409 147 1483 εἴη
160 1415 185 1472 ἐς
194 1410 225 1468 τό
235 1408 429 1468 δυνατώτατον.
453 1408 633 1485 ὑπεκρίναντο
643 1411 695 1485 μὲν
706 1409 776 1467 οὕτω
787 1408 904 1484 εὐπρόσ-

106 1521 176 1560 ωπα·
205 1497 264 1553 ἐπεὶ
285 1497 313 1552 δὲ
335 1496 387 1552 ἔδει
407 1495 546 1568 βοηθέειν,
571 1495 648 1554 ἀλλα
669 1499 792 1557 νοεῦντες
820 1494 903 1571 ἐπλή-

105 1607 200 1656 ρωσαν
223 1582 285 1642 νέας
306 1581 446 1655 ἑξήκοντα,
468 1581 550 1661 μόγις
573 1582 602 1639 δὲ
629 1581 793 1660 ἀναχθέντες
815 1608 903 1658 προσ·

107 1667 203 1743 ἔμιξαν
215 1671 250 1745 τῇ
263 1666 483 1746 Πελοποννήσῳ·
505 1669 550 1726 καὶ
563 1669 627 1744 περὶ
637 1667 735 1727 Πύλον
749 1669 794 1726 καὶ
807 1670 903 1728 Ταίνα-

105 1778 156 1828 ρον
178 1758 231 1833 γῆς
250 1758 300 1829 τῆς
320 1754 543 1830 Λακεδαιμονίων
566 1753 735 1834 ἀνεκώχευον
757 1756 806 1818 τάς
832 1757 902 1827 νέας,

106 1841 317 1918 καραδοκέοντες
338 1843 383 1900 καὶ
404 1840 480 1901 οὗτοι
498 1842 548 1902 τάν
567 1843 693 1920 πόλεμον
716 1841 735 1923 ᾗ
762 1845 901 1905 πεσέεται·

105 1927 286 1993 ἀελπτέοντες
302 1933 353 2007 μὲν
369 1929 434 1993 τούς
448 1929 591 2006 Ἕλληνας
607 1930 902 2009 ὑπερβαλέεσθαιδο-

106 2017 212 2080 κέοντες
238 2019 269 2077 δὲ
293 2018 343 2078 τάν
370 2019 487 2095 Πέρσην
517 2019 765 2096 κατακρατήσαντα
792 2019 902 2080 πολλάν

104 2102 196 2181 ἄρξειν
209 2105 303 2181 πάσης
315 2110 365 2182 τῆς
378 2105 525 2170 Ἑλλάδος·
540 2107 648 2166 ἐποίευν
662 2106 698 2166 ὦν
711 2108 843 2183 ἐπίτηδες,
858 2109 901 2168 ἵνα

104 2196 189 2272 ἔχωσι
201 2195 271 2272 πράς
283 2194 334 2255 τάν
348 2197 464 2272 Πέρσην
476 2197 570 2277 λέγειν
583 2195 684 2254 τοιοίδε·
706 2207 723 2231 “
733 2195 753 2253 ὦ
765 2198 899 2272 βασιλεῦ,

104 2282 189 2358 ἡμεῖς,
203 2283 483 2361 παραλαμβανόντων
495 2286 550 2344 τῶν
559 2283 703 2358 Ἑλλήνων
712 2283 799 2361 ήμέας
812 2289 838 2348 ές
851 2285 900 2346 τάν

103 2369 228 2446 πόλεμον
241 2376 347 2442 τοῦτον,
362 2374 470 2451 ἔχοντες
480 2371 595 2450 δύναμιν
606 2371 655 2432 οὐκ
664 2373 825 2452 ἐλαχίστην,
836 2372 899 2433 οὐδὲ

36 2481 39 2488 ·
103 2457 164 2518 νέας
179 2461 331 2536 ἐλαχίστας
340 2459 535 2539 παρασχόντες
546 2459 587 2530 ἀν,
596 2459 673 2520 ἀλλά
683 2461 819 2523 πλείστας
828 2461 899 2537 μετά

103 2569 135 2621 γε
145 2543 315 2619 Ἀθηναίους,
326 2546 375 2605 οὐκ
386 2547 560 2625 ἐθελήσαμέν
570 2574 614 2608 τοι
625 2551 824 2617 ἐναντιοῦσθαι,
837 2548 901 2608 οὐδέ

103 2655 130 2689 τι
150 2630 305 2708 ἀποθύμιον
326 2635 468 2711 ποιῆσαι·”
490 2641 604 2696 τοιαῦτα
628 2639 757 2717 λέγοντες
780 2636 899 2712 ἤλπιζον

102 2719 190 2779 πλέον
203 2745 230 2778 τι
243 2723 298 2779 τῶν
310 2720 406 2781 ἀλλων
420 2723 558 2782 οἴσεσθαι·
574 2724 662 2801 τάπερ
676 2724 709 2784 ἂν
723 2726 768 2783 καὶ
782 2727 897 2805 ἐγένετο,

102 2806 138 2870 ιός
156 2807 218 2884 ἐμοὶ
231 2806 328 2867 δοκέει.
369 2809 439 2884 πρός
452 2810 482 2868 δὲ
494 2810 709 2887 τούςἝλληνάς
726 2818 781 2887 σφι
795 2817 899 2892 σκῆψις

102 2895 258 2970 ἐπεποίητο,
271 2898 360 2974 τῇπερ
373 2895 408 2971 δή
422 2898 467 2955 καὶ
477 2898 646 2975 ’ἐχρήσαντο
665 2901 830 2973 αἰτιωμένων
843 2899 905 2973 ηὲα

101 2987 155 3040 τῶν
169 2981 314 3060 Ἑλλήνων
331 2983 375 3046 ὅτι
394 2982 445 3046 οὐκ
465 2985 619 3064 ἐβοήθεον,
629 2987 750 3061 ’ἔφασαν
768 2983 937 3073 πλψῗξω·

85 3069 143 3138 μὲν
155 3069 293 3145 ἕέῆκοντα
305 3075 443 3155 τριήρεας
457 3075 518 3138 ὖπδ
534 3077 567 3137 δέ
581 3073 726 3151 ἐτησιέων
740 3065 859 3161 ἀνψξν
868 3073 963 3141 vm:

72 3155 201 3225 βαλέῖίν
227 3167 362 3243 Μαλέην
386 3168 444 3230 οὐκ
470 3168 533 3229 οἷοί.
555 3192 592 3228 τε
614 3158 779 3246 γενέσθαι·
820 3161 906 3246 ομτω
936 3143 1011 3256 οἷν

64 3238 231 3308 ἀπικέσθαι
256 3257 290 3319 ἐς
310 3257 505 3339 Σαλαμῖνα,
525 3257 581 3319 καὶ
604 3247 747 3324 οὐδεμιῇ
769 3235 936 3296 mmm»-
