2024 3450
65 108 174 172 ιιι-ιι]
353 106 543 166 ,κικιιοπια
819 108 865 154 291

64 214 96 248 τε
109 188 143 264 δή
158 189 243 248 ἵππον
256 184 340 244 αὖτοΰ
352 182 535 259 λαμβάνουσι
546 185 592 245 καὶ
601 185 686 247 αύτάν
695 185 869 264 ἀμυνόμενον

67 278 213 346 κτείνουσι,
228 273 286 333 κατ’
300 271 388 350 ἀρχάς
403 269 435 328 ού
446 270 600 347 δυνάμενοι·
618 273 803 335 ἐνεσκεύαστο
812 273 868 356 γὰρ

67 363 145 423 οὕτω·
168 363 245 426 ἐντός
261 360 373 437 θιόρηκα
392 358 450 435 εἶχε
467 359 589 436 χρύσεον
603 361 765 423 λεπιδότον·
788 361 867 421 κατύ-

67 454 152 529 περθε
172 452 202 510 δὲ
222 453 271 511 τοῦ
294 448 417 525 θώρηκος
436 447 538 506 κιθῶνα
558 451 698 522 φοινίκεον
721 449 868 510 ἐνδεδύκεε·
945 521 946 524 ¹

67 540 216 603 τύπτοντες
234 539 263 599 δὲ
280 543 307 602 ἐς
322 535 372 596 τόν
389 534 508 612 θώρηκα,
524 536 632 594 ἐποίευν
648 535 736 595 ου’δέν·
757 539 823 614 πρίν
835 563 869 618 γε

68 626 101 701 δή
114 627 212 703 μαθών
224 651 267 689 τις
279 625 312 684 τό
326 621 498 699 ποιεύμενον,
509 623 583 682 παίει
596 648 645 699 μιν
659 627 687 686 ἐς
699 624 749 684 τόν
760 623 869 700 ὀφθαλ-

67 713 131 789 μόν·
153 712 224 773 οὕτω
242 712 275 788 δή
294 710 378 771 ἔπεσέ
393 734 424 769 τε
438 710 485 768 καὶ
497 708 627 770 ἀπέθανε.
668 715 757 772 ταῦτα
770 712 801 771 δέ
818 737 871 774 κως

68 799 201 879 γινόμενα
229 799 361 873 ἐλελήθεε
381 796 446 860 τούς
466 797 571 860 ἄλλους
594 799 702 862 ἱππέας·
731 799 794 861 οὔτε
814 792 886 880 γάρ

69 887 194 948 πεσόντα
204 912 252 964 μιν
263 886 335 946 εἶδον
348 884 405 945 ἀπά
416 888 465 944 τοῦ
477 885 563 945 ἵππου
573 886 636 945 ούτε
646 886 869 964 ἀποθνήσκοντα·

70 973 263 1053 ἀναχωρήσιός
275 1000 306 1034 τε
318 974 464 1055 γινομένης
477 974 523 1032 καὶ
540 973 724 1052 ὑποστροφῆς
743 976 792 1036 ούκ
807 977 877 1053 ἔρια--

71 1062 120 1121 θον
141 1062 174 1123 τὰ
197 1062 355 1143 γενόμενον,
372 1063 434 1120 ἐπεί
446 1087 477 1121 τε
496 1061 525 1120 δὲ
544 1064 675 1138 ἔστησαν,
694 1064 792 1125 αὐτίκα
807 1063 869 1125 ἐτό·

71 1150 165 1221 θεσαν,
184 1151 219 1215 ὥς
236 1158 327 1227 σφεας
344 1149 432 1213 οὐδεὶς
450 1149 517 1226 ἦνό
537 1152 661 1211 τάσσων·
686 1153 822 1228 μαθόντες
840 1153 870 1212 δὲ

69 1239 102 1299 τό
121 1240 243 1321 γεγονός,
266 1239 511 1315 διακελευσάμενοι
535 1238 657 1313 ἤλαυνον
680 1241 745 1303 τούς
771 1242 871 1303 ἵππους

71 1326 177 1396 πάντες,
192 1326 228 1390 οἷς
240 1324 274 1387 ἂν
287 1326 336 1386 τόν
349 1351 382 1405 γε
396 1326 492 1402 νεκρόν
510 1325 666 1386 ἀνελοίατο.
708 1326 825 1389 Ἰδόντες
841 1327 870 1385 δὲ
879 1330 918 1386 23

71 1417 98 1471 οἱ
109 1412 252 1488 Ἀθηναῖοι
266 1413 357 1472 ούκέτι
371 1412 440 1477 κατά
455 1413 538 1470 τέλεα
551 1413 795 1488 προσελαύνοντας
807 1412 872 1477 τούς

72 1501 178 1571 ἱππέας,
194 1498 259 1558 ἀλλ’
274 1498 333 1575 ἅμα
353 1498 465 1568 πάντας,
480 1497 531 1573 τήν
547 1498 640 1574 ἀλλην
658 1501 792 1576 στρατιήν
811 1507 870 1560 ε’πε-

59 1586 215 1662 βώσαντα·
244 1593 273 1646 ἐν
293 1584 313 1664 ᾧ
335 1586 364 1644 δὲ
381 1585 396 1645 ό
412 1585 495 1656 πεζάς
514 1585 586 1650 ἅπας
606 1587 719 1662 ἐβιύθεε,
737 1589 871 1669 ἐντούτῳ

70 1673 148 1752 μόχη
165 1673 241 1744 ὀξεῖα
257 1674 321 1749 περὶ
337 1677 394 1750 τοῦΙ
411 1677 508 1749 νεκροῦ
530 1674 644 1753 γίνεται.
687 1675 735 1738 ἕως
752 1677 803 1752 μέν
824 1701 871 1736 νυν

70 1767 169 1840 μοῦνοι
186 1761 261 1838 ἦσαν
275 1765 302 1820 οἱ
315 1758 480 1837 τριηκόσιοι,
495 1760 632 1825 ἑσσοῦντό
648 1788 678 1823 τε
694 1763 804 1823 πολλάν
825 1763 872 1822 καὶ

70 1849 120 1917 τόν
134 1849 230 1926 νεκρόν
240 1848 403 1923 ἀπέλειπον·
421 1847 456 1911 ἀς
470 1848 499 1907 δέ
513 1858 569 1923 σφι
582 1849 614 1909 vd
628 1852 737 1927 πλῆθος
752 1851 871 1928 ἐπεβοή-

72 1938 171 2014 θησαν,
186 1937 256 1998 ούτω
292 1936 403 1996 “ούκέ’τι
415 1939 441 1996 οἶ
456 1935 571 1999 ἱππόται
580 1936 724 2016 ύπέμενον,
739 1939 803 1999 ούδέ
816 1947 871 2016 σφι

72 2027 210 2107 ἐξεγένετο
228 2025 278 2086 τόν
296 2024 393 2100 νεκρόν
409 2023 570 2106 ἀνελέσθαι·
595 2025 673 2085 ἀλλά
689 2027 760 2103 πρός
780 2028 872 2106 ἐκείνῳ

72 2113 178 2178 ἀλλους
195 2113 419 2193 προσαπόλεσαν
437 2116 493 2192 τῶν,
506 2113 619 2173 ἱππέων.
660 2113 873 2190 ἀποστήσαντες

70 2201 108 2262 ὦν
124 2202 194 2264 ὅσον
212 2230 243 2264 τε
261 2202 311 2262 δύο
329 2199 438 2275 στάδια,
454 2199 639 2279 ἐβουλεύοντο
654 2201 680 2267 ὅ,
689 2228 716 2262 τι
733 2202 816 2282 χρεόν
831 2204 872 2279 εἴη

70 2294 187 2362 ποιέειν;
209 2292 300 2353 ἐδόκεε
314 2291 346 2352 δέ
357 2298 423 2367 σφι,
437 2289 570 2370 ἀναρχίης
584 2291 692 2367 ἐούσης,
707 2290 872 2352 ἀπελαύνειν
918 2303 919 2306 ’

71 2381 148 2457 παρά
163 2380 330 2457 Μαρδόνιον.
371 2377 602 2455 Ἀπικομένηςδέ
619 2384 670 2455 τῆς
690 2379 776 2439 ἵππου
795 2385 822 2442 ἐς
839 2378 871 2440 τό
881 2381 920 2442 24

72 2468 268 2544 στρατόπεδον,
294 2467 394 2530 πένθος
418 2467 586 2542 ἐποιήσαντό
608 2469 772 2530 Μασιστίου
792 2469 873 2528 πάσά

71 2579 103 2612 τε
125 2553 144 2629 ἡ
168 2554 286 2632 στρατιή
309 2555 355 2612 καὶ
378 2554 537 2632 Μαρδόνιος
559 2556 703 2636 μέγιστον,
727 2557 819 2633 σφέας
841 2582 872 2617 τε

72 2640 171 2704 αύτούς
187 2641 321 2717 κείροντες
340 2641 386 2700 καὶ
403 2643 467 2704 τούς
485 2638 585 2706 ἵππους
606 2645 652 2703 καὶ
671 2642 707 2706 τά
728 2643 870 2725 ὑποζύγια,

72 2733 179 2810 οἰμωγῇ
205 2755 237 2789 τε
262 2728 415 2809 χρεόμενοι
441 2729 562 2809 ἀπλέτῳΙ
598 2730 712 2792 ἅπασαν
737 2732 792 2814 γάρ
820 2731 872 2809 τήν

71 2820 207 2894 Βοιωτίην
226 2820 337 2896 κατεῖχε
353 2816 422 2895 η’χιό
445 2817 480 2879 οἷς
496 2816 594 2895 ἀνδρός
611 2818 788 2896 ἀπολομένου
802 2819 873 2896 μετά

70 2931 105 2987 γε
125 2906 286 2984 Μαρδόνιον
306 2905 500 2986 λογιμωτάτου
521 2907 599 2983 παρά
617 2934 648 2968 τε
673 2909 805 2985 Πέρσησι
827 2908 873 2973 καὶ

72 2995 200 3069 βασιλέϊ.
243 2997 282 3054 Οἱ
297 2995 350 3072 μέν
366 3020 414 3053 νυν
427 2993 574 3071 βάρβαροι
586 2995 681 3073 τρόπῳ
694 2999 732 3072 τῷ
745 2994 873 3073 σφετέρην
881 2997 920 3054 25

73 3081 249 3143 ἀποθανόντα
269 3082 370 3159 ἐτίμων
386 3083 558 3141 Μασίστιον·
586 3086 612 3140 οἱ
648 3082 825 3154 ὲἜιλληνες,
838 3080 879 3140 οἷς

73 3168 123 3243 τήν
141 3169 227 3232 ἵππον
247 3170 376 3242 ἐδέξαντο
393 3171 653 3251 προσβάλλουσαν
679 3170 730 3226 καλ
743 3165 907 3255 λελῖῑνψξῑ

61 3254 182 3327 ὤσαντο,
204 3258 378 3337 ἐθάρσησάν
397 3288 431 3323 τε
457 3263 570 3337 πολλῷ
594 3259 733 3336 μᾶλλον,
751 3249 808 3306 κᾶν
823 3258 938 3311 ἮΨΨ
