2024 3450
90 121 201 184 61—65]
408 122 562 172 OTPANIA.
841 122 888 170 243

89 201 187 270 θεοῖσι,
209 199 325 261 αι’πόθεν
345 201 396 277 μὲν
418 207 448 260 ἐκ
470 203 630 279 Σαλαμῖνος
652 201 759 263 Αἴαντά
784 227 815 263 τε
842 201 888 261 καὶ

87 292 241 364 Τελαμῶνα
267 289 461 349 ἐπεκαλέοντο·
496 290 542 349 ε’πὶ
569 290 598 349 δὲ
625 290 729 350 Αἰακόν
756 291 802 349 καὶ
824 289 888 353 τοῖς

87 373 191 438 ἄλλους
202 376 334 438 Αἰακίδας
347 379 400 451 νῆα
414 376 592 435 ἀπέστελλον
607 381 634 439 ἒς
647 378 772 456 Αἴγιναν.
808 377 888 453 Ἔφη
897 378 935 435 65

87 462 116 521 δὲ
134 462 284 526 Δικαῖος
269 490 284 522 ο
306 464 464 532 Θεοκύδεος,
484 462 554 539 ἀνήρ
570 462 724 537 Ἀθηναῖος,
746 464 837 543 φυγάς
856 491 887 524 τε

86 552 132 609 καὶ
153 577 231 628 παρα
222 549 378 626 Μήδοισι
400 550 519 631 λόγιμος
539 549 687 631 γενόμενος
713 554 812 609 τοῦτον
838 552 889 611 τόν

86 638 196 714 χρόνον·
224 640 286 696 ε’πεί
304 664 335 696 τε
356 664 473 713 εκειρετο
493 665 512 714 η
532 637 647 713 Ἀττική
666 636 744 715 χάρη
764 636 818 695 υπό
838 642 890 697 τοῦ

86 725 170 794 πεζοῦ
185 727 307 800 στρατοῦ
321 751 370 783 του
358 726 522 801 Ξέρξεω,’
510 730 598 785 εοῦσα
612 728 716 802 ε’ρῆμος
724 723 886 799 Ἀθηναίων,

85 815 179 888 τυχεῖν
191 810 256 869 τότε
269 810 319 870 εἰῖν
333 810 390 888 ἅμα
404 811 563 893 Δημαρήτῳ
580 814 619 891 τῷ
631 812 840 892 Λακεδαιμονίῳ
859 817 888 872 ε’ν

85 903 123 974 τῷ
136 899 261 976 Θριασίῳ
274 898 367 978 πεδίῳ·
389 899 455 958 ἰδεῖν
469 900 498 959 δὲ
511 900 653 977 κονιορτόν
671 900 811 979 χωρέοντα
830 898 887 959 άπό

85 982 290 1056 Ἐλευσῖνος,
269 1012 304 1049 ως
317 986 423 1065 α’νδρῶν
435 988 563 1065 μάλιστά
576 1015 610 1065 κη
621 988 800 1066 τρισμυρίων·
817 987 886 1048 α’πο-

85 1074 264 1150 θωμάζειν’
231 1101 262 1134 τε
276 1076 415 1153 σφεας
383 1101 432 1136 τον
445 1077 595 1154 κονιορτόν,
611 1076 695 1136 ὅτειόν
708 1103 772 1138 κοτε
785 1077 827 1153 εἴη
840 1076 885 1137 άν-

84 1162 265 1240 θρῶπων,
221 1190 267 1222 και
284 1163 407 1240 πρόκατε
426 1165 554 1240 φωνῆς’
537 1164 654 1234 ακοόειν,
670 1165 715 1223 καὶ
730 1191 756 1223 οι
747 1165 885 1238 ’φαίνεσ-

84 1250 130 1309 θαι
149 1251 202 1326 τήν
219 1252 314 1327 φωνήν
331 1252 400 1312 εἶναι
417 1251 467 1311 τόν
488 1251 624 1328 μυστικόν
642 1252 750 1328 ἴακχον·
776 1251 844 1310 εἶναι
861 1250 885 1310 δ’

83 1337 227 1414 ἀδαήμονα
240 1341 295 1398 τοῖν
309 1342 373 1415 ἱρῶν
386 1343 441 1398 τῶν
455 1344 484 1397 ἐν
493 1338 636 1398 Ἐλευσῖνι
645 1337 696 1397 τόν
707 1337 885 1414 Δημάρητον,

83 1425 209 1501 εἴρεσθαί
226 1451 257 1484 τε
275 1423 360 1484 αὖτόν
380 1425 396 1484 ὅ
416 1451 444 1484 τι
463 1425 497 1483 τό
516 1425 709 1505 φθεγγόμενον
728 1426 770 1499 εἴη
787 1429 883 1495 τοῦτο;

83 1510 166 1574 αὐτός
180 1514 208 1570 δὲ
223 1515 318 1571 εἰπεῖν·
340 1523 357 1548 “
367 1511 525 1588 Δημάρητε,
541 1511 590 1570 οὐκ
608 1513 669 1571 ἔστι
682 1509 752 1575 ὅκως
766 1511 798 1570 οὗ
811 1513 885 1594 μέγα

82 1625 110 1657 τι
128 1602 205 1663 σίνος
225 1602 304 1658 ἔσται
322 1627 357 1677 τῃ
345 1600 515 1705 βασιλέος
529 1603 658 1678 στρατιῇ·
679 1598 794 1658 τάδε
757 1627 812 1680 γαρ
827 1600 885 1677 οἷρί-
929 1613 932 1617 ’

83 1685 191 1793 δηλα,’
175 1686 282 1794 ερήμου
293 1686 392 1762 ἐούσης
401 1691 451 1760 τῆς
463 1684 630 1761 Ἀττικῆς,
614 1713 657 1746 οτι
671 1688 745 1746 θεῖον
755 1713 787 1746 το
779 1686 884 1769 φθεγ-

81 1772 200 1884 γόμενρν
219 1772 277 1832 άπο
268 1773 492 1836 Ἐλευσῖνος’
468 1800 509 1834 ιον
524 1779 550 1836 ἐς
562 1776 696 1886 τιμωρίην
708 1774 886 1851 Ἀθηναίοισί

81 1886 112 1920 τε
131 1862 177 1920 καὶ
194 1865 271 1922 τοῖσι
289 1860 476 1940 συμμάχοισι·
498 1862 543 1920 καὶ
556 1860 591 1938 ἢν
603 1864 655 1938 μέν
667 1890 700 1944 γε
715 1863 883 1942 κατασκήψῃ

82 1953 109 2012 ἐς
127 1949 179 2025 τήν
195 1950 425 2026 Πελοπόννησον,
440 1950 562 2014 κίνδυνος
576 1950 648 2030 αὐτῷ
660 1977 691 2010 τε
704 1951 825 2027 βασιλέϊ
838 1951 884 2009 καὶ

80 2040 117 2115 τῇ
130 2041 294 2117 στρατιῇτῇ
305 2043 334 2099 έν
346 2043 382 2116 τῇ
394 2036 498 2118 ήπείρῳ
512 2039 601 2098 ἔσται·
615 2036 650 2114 ἢν
660 2038 689 2097 δὲ
703 2038 748 2097 ἐπὶ
758 2038 808 2101 τάς
817 2041 884 2112 νῆας

79 2125 218 2202 τράπηται
227 2125 277 2190 τοῖς
287 2132 315 2186 ἐν
327 2128 475 2202 Σαλαμῖνι,
488 2125 538 2186 τόν
552 2126 680 2186 ναυτικόν
693 2124 816 2204 στρατόν
829 2150 883 2186 κιν-

80 2211 204 2273 δυνεύσει
217 2214 357 2290 βασιλεῖς
370 2212 610 2290 άποβαλέειν·
575 2239 627 2290 την
640 2213 670 2273 δὲ
683 2213 768 2292 ὁρτήν
780 2212 883 2290 ταύτην

80 2298 182 2381 ἄγουσι
199 2302 343 2377 Ἀθηναῖοι
361 2301 414 2361 &vd
429 2302 521 2362 πάντα
538 2303 651 2362 ἔτεα
615 2328 651 2381 τη
669 2302 765 2380 Μητρὶ
779 2302 825 2361 καὶ
843 2306 880 2380 τῇ

80 2389 185 2466 Κούρῃ,
201 2389 250 2448 Ῠκαὶ
268 2389 359 2462 αὐτῶν
375 2414 407 2451 τε
427 2389 443 2449 ό
458 2390 635 2467 βουλόμενος
651 2391 696 2449 καὶ
713 2394 768 2450 τοῖν
787 2389 882 2450 ἄλλων

79 2473 225 2550 Ἑλλήνων
244 2480 362 2552 μυεῖται·
384 2477 431 2536 καὶ
450 2477 502 2552 τήν
522 2477 625 2554 φωνὴν,
648 2482 699 2554 τῆς
718 2477 833 2550 α’κούεις,
853 2483 883 2537 ἒν

79 2560 166 2640 ταύτῃ
193 2565 229 2640 τῇ
256 2562 325 2642 ὁρτῇ
354 2563 543 2643 ἰακχάζουσι·”
578 2566 648 2642 πρός
679 2570 766 2626 ταῦτα
795 2569 881 2624 εἰπεῖν

80 2648 259 2726 Δημάρητον·
281 2660 299 2685 “
307 2649 377 2732 σίγα
394 2675 433 2720 τε,
453 2647 505 2709 καί
515 2652 612 2727 μηδενὶ
631 2652 711 2732 άλλῳ
726 2653 775 2712 τόν
794 2653 882 2734 λόγον

79 2741 178 2797 τοῦτον
200 2737 289 2816 εἴπης·
317 2735 352 2814 ἢν
367 2736 422 2818 γάρ
439 2763 485 2798 τοι
501 2743 529 2802 ἐς
546 2740 673 2814 βασιλέα
686 2740 832 2820 ἀνενειχθῇ
845 2741 881 2800 τά

79 2825 146 2884 ἔπεα
165 2829 262 2896 ταῦτα,
280 2824 451 2902 α’ποβαλέεις
468 2826 520 2902 τήν
538 2826 675 2902 κεφαλήν·
701 2829 749 2886 καί
765 2853 799 2886 σε
818 2827 881 2886 οὔτε

79 2913 132 3024 ε’γώ
150 2913 307 3025 δυνήσομαι
319 2912 463 2991 ῥύσασθαι
481 2911 538 2973 οὔτ’
552 2913 641 2976 ἄλλος
654 2914 804 2990 ἀνθρώπων
818 2913 881 2974 οὐδὲ

80 2999 126 3061 εἷς·
147 3000 241 3060 ἀλλ”1
227 3001 267 3080 εχ’
281 3001 397 3111 ἥσυχος·
418 3026 483 3077 περι
472 3001 526 3059 δὲ
539 3026 672 3109 στρατιης
688 3001 774 3075 τῆσδε
789 3001 883 3060 θεοῖσι

78 3087 208 3161 μελήσει·
208 3087 224 3108 ”
244 3088 343 3149 τόν
309 3115 362 3165 μεν
380 3088 414 3164 δὴ
430 3092 523 3149 ταῦτα
540 3088 713 3165 παραινέειν·
742 3091 780 3142 ἐκ
792 3086 836 3140 λῖς
851 3087 908 3138 τοῖὶ

70 3179 218 3250 κονιορτοῦ
239 3176 286 3235 καὶ
307 3181 361 3254 τῆς
384 3180 486 3256 φωνης
509 3175 659 3260 γενέσθαι
679 3174 791 3246 νἐῴοςι
810 3187 866 3221 W·
885 3181 942 3255 μ’,

61 3261 223 3336 ΤαΡσιωθέν
237 3264 392 3344 φέρεσθαι
413 3267 466 3328 ἐπὶ
484 3262 703 3343 Σαλαμινος
692 3281 751 3317 επι
769 3252 813 3314 τὸ
829 3260 964 3316 mm·
