2024 3450
117 93 259 158 138-140]
457 95 570 144 EPA'l'ss.
863 91 910 141 117

112 174 250 251 προτέρου
262 171 366 232 τούτων
379 171 412 232 τό
426 171 581 251 ἐργάσαντο
594 175 622 230 αἶ
635 174 761 252 γυναῖκες
773 167 838 232 τούς
853 166 911 246 ἅμα

113 261 217 320 Θόαντι
237 258 336 337 ἄνδρας
357 260 510 335 σφετέρους
531 257 736 329 ἀποκτείνασαι,
751 257 912 334 νενόμισται

112 345 167 411 ἅνδ
185 345 237 422 τήν
254 345 381 405 Ἑλλάδα
402 347 437 406 τοὶ
460 345 581 423 σχέτλια
602 345 667 424 ἔργα
689 346 779 404 πάντα
797 344 908 421 Λήμνια

113 435 275 494 καλέεσθαι.
318 433 515 493 Ἀποκτείνασι
547 432 577 490 δέ
605 436 680 490 τοῖσι
707 435 888 512 Πελασγοῖσι
901 434 956 491 139

111 521 176 585 τούς
198 524 352 600 σφετέρους
374 519 475 583 παῖδός
497 546 528 580 τε
552 519 598 578 καὶ
619 523 757 599 γυναῖκας,
783 518 845 577 ούτε
870 523 908 598 γῆ

113 609 221 686 καρπόν
239 611 320 688 ἔφερε
339 608 401 669 οὔτε
419 608 545 689 γυναῖκές
562 634 593 666 τε
611 607 657 666 καὶ
677 611 792 683 ποῖμναι
811 604 911 682 ὁμοίως

112 697 219 758 ἔτικτον
229 699 274 758 καὶ
284 698 340 775 πρό
351 702 410 756 τοῦ·
427 695 584 772 πιεζόμενοι
598 695 627 755 δὲ
641 698 714 774 λιμῷ
726 720 757 755 τε
771 692 816 752 καὶ
830 692 910 752 όπαι·

112 783 166 864 δίη,
177 791 204 849 ἐς
215 785 347 863 Δελφούς
358 786 481 862 ἔπεμπον
494 784 579 844 λύσιν
591 783 653 844 τινὰ
666 782 844 860 αἰτησόμενοι
857 785 912 841 τῶν

111 873 269 949 παρεόντων
286 877 385 934 κακῶν·
406 873 424 950 ή
442 873 472 932 δὲ
486 873 579 949 Πυθίη
600 873 691 948 σφέας
707 872 816 932 ἐκέλευε
827 870 910 947 Ἀθη-

111 961 216 1020 ναίοισι
237 963 313 1026 δίκας
327 960 430 1022 διδόναι
442 960 544 1024 ταύτας
556 961 606 1024 ταὶς
619 959 654 1020 ἂν
669 960 748 1022 αύτοὶ
767 959 911 1036 Ἀθηναῖοι

112 1047 257 1109 δικάσωσι·
279 1050 369 1127 ἦλθόν
381 1077 412 1111 τε
426 1050 460 1127 δή
475 1054 502 1114 ἐς
515 1050 565 1113 τός
576 1048 696 1125 Ἀθήνας
710 1053 737 1109 οἱ
750 1049 908 1131 Πελασγοὶ,

113 1137 158 1194 καὶ
179 1137 255 1202 δίκας
273 1140 482 1221 ἐπαγγέλλοντο
496 1136 668 1214 βουλόμενοι
689 1137 793 1198 διδόναι
805 1137 909 1198 παντός

111 1227 161 1282 τοῦ
179 1224 356 1303 ἀδικήματος·
376 1224 521 1300 Ἀθηναῖοι
535 1225 565 1282 δὲ
578 1229 607 1283 ἐν
620 1228 658 1303 τῷ
671 1225 828 1302 πρυτανηίῳ
849 1222 908 1280 κλί·

111 1335 161 1385 νην
182 1312 358 1387 στρώσαντες
380 1311 416 1373 αἷς
437 1311 513 1388 εἶχον
535 1310 685 1382 κάλλιστα,
705 1312 751 1370 καὶ
771 1310 910 1384 τράπεζαν

112 1398 248 1471 ἐπιπλέην
261 1398 372 1478 ἀγαθῶν
385 1395 494 1456 πόντων
508 1397 683 1472 παραθέντες,
699 1398 825 1454 ἐκέλευον
845 1393 908 1455 τούς

112 1483 282 1560 Πελασγούς
294 1483 346 1555 τήν
359 1481 452 1558 χώρην
465 1482 554 1555 σφίσι
563 1481 743 1556 παραδιδόναι
752 1481 821 1539 οὕτω
831 1482 908 1559 ἐχου-

113 1590 177 1623 σαν·
200 1568 226 1623 οἱ
247 1567 276 1625 δέ
297 1564 448 1645 Πελασγοὶ
469 1565 663 1640 ύπολαβόντες
686 1567 774 1625 εἶπαν·
799 1566 908 1626 ((ἐπεόν

111 1651 202 1730 βορέῃ
218 1651 308 1733 όνέμῳ
322 1651 478 1730 αύτημερόν
491 1655 556 1728 νηῦς
569 1651 688 1731 ἐξανύσῃ
703 1658 732 1711 ἐκ
745 1657 795 1728 τῆς
814 1653 907 1730 ύμετέ-

110 1767 161 1817 ρης
185 1745 212 1803 ἐς
235 1739 287 1816 τήν
307 1740 451 1818 ἡμετέρην,
472 1738 536 1799 τότε
557 1738 784 1816 παραδύσομεν·”
804 1754 806 1759 “
824 1746 907 1801 τοῦτο

112 1827 201 1899 εἶπαν,
222 1828 402 1906 ἐπισπόμενοι
421 1832 503 1888 τοῦτο
528 1826 596 1887 εἶναι
615 1824 747 1888 α’δύνατον
766 1829 907 1911 γενέσθαι·

111 1914 130 1991 ή
146 1916 200 1997 γὰρ
213 1915 326 1992 Ἀττική
341 1916 412 1992 πρός
425 1915 506 1977 νότον
527 1916 616 1976 κέεται
636 1917 747 1976 πολλόν
766 1922 816 1993 τῆς
828 1916 906 1995 Λήμ-

110 2030 169 2064 νου.
208 2005 273 2066 τότε
291 2007 343 2084 μὲν
358 2009 493 2066 τοσαῦτα·
515 2005 590 2073 ἔτεσι
603 2003 632 2064 δέ
647 2003 734 2081 κόρτα
747 2009 885 2065 πολλοῖσι
897 2005 954 2063 140

110 2091 227 2172 ὕστερον
246 2094 361 2164 τούτων,“
373 2092 408 2156 ὥς
427 2092 446 2170 ή
459 2091 642 2170 Χερσόνησος
654 2090 673 2166 ἦ
687 2096 716 2152 ἐν
728 2091 907 2168 Ἑλλησπόν-

109 2206 148 2260 τῳ
165 2183 273 2263 ἐγένετο
292 2180 338 2241 ὕπ’
356 2180 539 2258 Ἀθηναίοισι,
554 2180 712 2257 Μιλτιάδης
732 2179 748 2240 ό
769 2180 904 2255 Κίμωνος,

111 2271 241 2345 ἐτησιέων
263 2269 370 2346 ἀνέμων
396 2266 605 2344 κατεστηκότων
627 2268 673 2345 νηίΙ
696 2267 853 2335 κατανύσας
876 2270 907 2338 ἐξ

109 2352 288 2420 Ἐλαιοῦντος
302 2360 352 2416 τοῦ
373 2361 402 2416 ἐν
415 2355 590 2436 Χερσονήσῳ
607 2361 634 2420 ἐς
647 2360 770 2434 Λῆμνον,
785 2354 905 2437 προηγό-

109 2468 172 2519 ρευε
193 2444 292 2513 ἐξιέναι
314 2449 344 2503 ἐκ
365 2447 415 2520 τῆς
436 2443 524 2520 νήσου
539 2447 616 2504 τοῖσι
635 2447 825 2526 Πελασγοῖσι,
842 2442 906 2504 α’να-

110 2528 273 2607 μιμνήσκων
283 2531 375 2605 σφέας
387 2531 420 2591 τό
433 2530 606 2610 χρηστήριον
614 2530 647 2591 τό
659 2530 768 2608 ούδαμιί
780 2530 907 2607 ἤλπισαν

110 2617 199 2690 σφίσι
212 2619 239 2675 οἱ
252 2618 402 2698 Πελασγοὶ
415 2619 616 2678 ἐπιτελέεσθαι.
656 2617 838 2693 Ἡφαιστιέες
854 2620 907 2697 μέν

111 2729 158 2763 νυν
182 2703 335 2764 ἐπείθοντο.
372 2709 521 2782 Μυριναῖοι
545 2704 575 2763 δὲ
595 2704 627 2764 ού
651 2707 907 2786 συγγινωσκόμενοι

111 2790 180 2849 εἶναι
198 2790 250 2866 τήν
263 2790 448 2868 Χερσόνησον
466 2791 596 2867 Ἀττικήν
615 2793 833 2869 ἐπολιορκέοντο,
849 2793 906 2857 ἐςδ

111 2879 157 2936 καὶ
176 2877 255 2939 αύτοὶ
275 2879 467 2957 παρέστησαν·
488 2878 558 2939 οὕτω
574 2879 613 2955 ’δή
629 2880 681 2956 τήν
692 2883 808 2956 Λῆμνον
820 2882 907 2960 ἔσχον

110 2961 255 3040 Ἀθηναῖοί
265 2991 295 3026 τε
309 2965 355 3025 καὶ
368 2965 537 3045 Μιλτιάδης.

114 3041 216 3092 ΙῙ.-10

408 3190 575 3362 ψ
607 3195 654 3258 {S
680 3238 687 3265 ¹
711 3182 832 3236 ιῖςίι,
870 3242 887 3257 ἱ
