2024 3450
350 404 701 478 ἩΡΟΔΟΤΟΥ

269 611 529 682 ἹΣΤΟΡΙΩΝ
574 618 768 683 ΟΓΔΟΗ.

475 790 574 817 -ε-

433 919 614 972 ΟΥΡλιΝΙΑ.

115 1033 130 1092 l
189 1039 229 1093 01
243 1018 430 1109 &S‘Emjvwv
449 1039 476 1097 ές
492 1034 543 1095 τὸν
555 1038 683 1098 ναυτικὸν
696 1037 819 1114 στρατίν
831 1037 951 1116 ταχθέν·

148 1145 193 1184 τες
221 1119 296 1198 ἦσαν
326 1121 392 1180 οἵδε·
423 1120 566 1197 Ἀθηναῖοι
589 1126 649 1200 μὲν,
673 1126 735 1187 νέας
761 1124 952 1202 παρεχόμενοι

149 1208 219 1275 ἑπτὰ
239 1209 285 1268 καὶ
305 1210 395 1269 εἴκοσι
415 1211 461 1268 καὶ
478 1209 584 1271 ἑκατόν·
604 1210 660 1272 ύπδ
680 1212 710 1271 δὲ
730 1211 831 1288 α’ρετῆς
849 1237 881 1271 τε
901 1214 952 1272 καὶ

150 1298 306 1374 προθυμίης
322 1297 487 1368 Πλαταιέες,
508 1296 617 1376 ἄπειροι
633 1304 684 1375 τῆς
702 1303 829 1372 ναυτικῆς
848 1298 949 1374 ε’όντες,

149 1385 343 1464 συνεπλήρουν
360 1390 437 1446 τοῖσι
452 1384 628 1462 Ἀθηναίοισι
645 1386 697 1451 τᾶς
709 1388 781 1449 νέας·
802 1387 950 1463 Κορίνθιοι

150 1471 180 1531 δὲ
188 1472 394 1550 τεσσεράκοντα
402 1474 465 1537 νέας
472 1475 648 1552 παρείχοντο·
659 1475 803 1555 Μεγαρέες
811 1474 840 1532 δὲ
848 1475 949 1533 εἴκοσι·

150 1563 196 1620 καὶ
209 1562 362 1625 Χαλκιδέες
372 1562 512 1638 ἐπλήρουν
525 1563 621 1636 ε’ίκοσι,
636 1562 788 1639 Ἀθηναίων
799 1567 854 1637 σφι
864 1589 950 1640 παρε-

149 1646 256 1727 χόντων
268 1649 318 1711 τὰς
330 1650 401 1711 νέας·
420 1653 566 1730 Αἰγινῆται
582 1650 612 1708 δὲ
630 1649 824 1709 ὀκτωκαίδεκα·
846 1650 951 1712 Σικυώ-

150 1761 205 1794 νιοι
218 1736 248 1795 δὲ
261 1736 389 1795 δυώδεκα·
411 1736 624 1813 Λακεδαιμόνιοι
638 1738 667 1796 δὲ
680 1738 755 1796 δέκα·
775 1737 951 1814 Ἐπιδαύριοι

149 1823 179 1882 δὲ
199 1822 281 1884 ὀκτώ·
303 1823 454 1901 Ἐρετριέες
473 1823 504 1883 δὲ
524 1825 603 1885 ἑπτά·
630 1824 786 1904 Τροιζήνιοι
806 1825 835 1886 δὲ
855 1826 950 1885 πέντε·

153 1912 269 1990 Στυρέες
289 1913 319 1973 δὲ
338 1912 397 1973 δύο·
418 1914 465 1974 καὶ
485 1916 566 1973 Κεῖοι
586 1912 634 1973 δύο
655 1940 686 1974 τε
705 1917 768 1976 νέας
788 1913 833 1971 καὶ
850 1915 951 1990 πέντη-

124 1997 130 2017 ’
150 2002 293 2079 κοντέρους
306 2001 365 2062 δύο·
383 2002 489 2079 Λοκροὶ
503 2001 535 2061 δέ
551 2007 607 2078 σφι
625 2004 652 2061 οἳ
669 2000 829 2061 Ὀπούντιοι
843 2002 952 2077 ε’πεβιύ-

151 2088 223 2159 θεον,
238 2090 464 2167 πεντεκοντέρους
477 2089 586 2168 ἔχοντες
599 2089 677 2149 ἑπτά.

114 2177 134 2234 2
180 2174 282 2237 Ἦσαν
300 2179 353 2253 μὲν
373 2174 410 2238 ὧν
429 2173 505 2236 οὗτοι
523 2179 550 2236 οἱ
563 2177 779 2255 στρατευόμενοι
795 2176 837 2237 ἔπ’
854 2177 952 2254 Ἀρτε-

148 2261 256 2338 μίσιον·
271 2265 375 2339 εἴρηται
386 2263 417 2322 δέ
425 2289 475 2340 μοι
489 2263 534 2322 καὶ
548 2262 584 2326 οἷς
597 2264 630 2324 τὸ
643 2267 754 2340 πλῆθος
768 2267 881 2324 ἔκαστοι
894 2270 953 2326 τῶν

149 2352 218 2409 νεῶν
242 2351 419 2430 παρείχοντο·
446 2350 563 2428 ἅριθμὸς
590 2351 620 2410 δὲ
645 2356 700 2413 τῶν
723 2353 953 2431 συλλεχθεισέων

149 2440 217 2497 νεῶν
231 2436 273 2496 ἐπ’
292 2437 471 2515 Ἀρτεμίσιον
488 2438 531 2516 ἦν,
545 2439 636 2516 πάρεξ
652 2444 707 2501 τῶν
720 2440 949 2517 πεντηκοντέρων,

149 2525 202 2601 μία
215 2525 261 2583 καὶ
274 2525 467 2603 ἑβδομήκοντα
480 2527 526 2586 καὶ
540 2526 689 2603 διηκόσιαι.
724 2529 774 2588 τδν
787 2529 817 2587 δὲ
830 2553 952 2604 στρατη-

149 2610 203 2692 γὸν
227 2611 277 2671 τδν
301 2613 334 2672 τὸ
360 2613 497 2693 μέγιστον
523 2614 623 2693 κράτος
653 2617 753 2696 ἔχοντα
782 2616 952 2692 παρείχοντο

152 2699 333 2777 Σπαρτιῆται,
355 2699 533 2777 Εὐρυβιάδεα
553 2702 603 2762 τὸν
623 2703 821 2780 Εὐρυκλείδεω.
846 2703 872 2757 οἱ
894 2702 953 2780 γὰρ

151 2785 299 2868 σύμμαχοι
315 2786 364 2847 οὐκ
383 2789 503 2864 ἔφασαν,
519 2789 554 2867 ἢν
573 2790 613 2866 μή
634 2789 650 2850 ὁ
670 2788 771 2850 Αιίκων
785 2787 952 2869 ἡγεμονεύῃ,

151 2875 326 2953 Ἀθηναίοισι
347 2876 467 2956 ἕψεσθαι
485 2877 672 2960 ἡγεομένοισι,
693 2875 772 2937 ἀλλὰ
792 2875 890 2936 λύσειν
917 2877 952 2936 τὰ

114 2965 136 3024 3
143 2965 259 3042 μέλλον
284 2966 401 3028 ἔσεσθαι
429 2965 600 3044 στράτευμα.
654 2965 783 3049 Ἐγένετο
809 2963 864 3046 γὰρ
892 2965 953 3024 κατ’

69 3070 96 3152 Ι
137 3051 234 3136 αρχθς
253 3055 354 3142 λόγος,
375 3056 444 3140 πρὶν
463 3053 482 3138 ἢ
504 3056 552 3119 καὶ
568 3060 595 3120 ές
611 3055 744 3131 Σικελίην
766 3055 883 3129 πέμπειν
910 3053 958 3108 ἐπὶ

124 3150 317 3230 συμμαχίην,
343 3149 383 3219 ὥς
405 3148 444 3215 τδ
466 3148 599 3213 ναυτικὸν
616 3142 804 3221 ’λθηναίοισι
822 3134 906 3214 χρεὸν
933 3135 977 3200 εἴη
