2024 3450
142 116 174 160 ιι
448 111 630 159 ἯΡοΔονοτ
893 117 939 182 [ν.

143 190 365 267 ἀσφαλέστατον
399 191 647 267 καταστησάμενος
680 196 735 252 τῶν
760 194 940 276 πρηγμάτων,

144 278 285 338 κάλλιστα
298 279 350 353 τήν
362 278 448 338 πόλιν
464 279 657 356 ἐπιτροπεύοις
685 280 893 357 Θρασύβουλος
914 286 941 343 δὲ

142 366 192 426 τόν
214 366 333 426 ἐλθόντα
354 365 431 443 παρά
454 371 504 427 τοῦ
527 367 698 443 Περιάνδρου
721 369 802 448 ἐξῆγε
825 371 875 439 ἔξω
893 378 940 430 τοῦ

143 453 252 518 ἅστεος·
276 455 367 531 ε’σβάς
387 454 417 512 δέ
439 460 466 518 ἐς
486 453 607 532 ἄρουραν
627 457 813 531 ἐσπαρμένην,
833 456 892 534 ἅμα
912 485 942 518 τε

145 542 244 618 διεξήῐε
265 543 298 602 τό
320 542 410 619 λήϊον,
426 544 578 620 ἐπειρωτῶν
592 568 622 601 τε
640 543 686 600 καὶ
702 542 873 615 ἀναποδίζων
893 546 942 607 τόν

144 630 248 708 κήρυκα
270 632 339 691 κατά
358 631 410 706 τῆν
423 630 479 690 άπό
494 632 634 707 Κορίνθου
648 629 749 700 ἄπιξιν,
765 633 810 689 καὶ
829 633 941 693 ἐκόλουε

144 719 196 778 αἰεὶ
217 719 286 782 ὅκως
304 719 366 779 τινά
384 719 438 778 ἴδοι
460 724 515 778 τῶν
532 717 680 798 ἀσταχύων
695 718 875 797 ὑπερέχοντα·
898 749 940 781 κο-

144 807 234 867 λούων
250 810 287 876 δὲ,
303 810 422 884 ἔρριπτε·
436 797 471 869 ’ἐς
485 806 501 865 ὃ
513 811 564 866 τοῦ
582 808 664 882 ληίου
682 806 714 866 τό
735 807 892 869 κάλλιστόν
911 837 941 870 τε

145 895 190 952 καὶ
205 894 367 968 βαθύτατον
387 895 526 971 διέφθειρε
543 893 636 972 τρόπῳ
649 893 773 973 τοιούτω·
795 894 941 966 διεξελθὼν

147 981 175 1038 δὲ
188 980 220 1039 τό
234 983 336 1057 χωρίον
353 981 398 1039 καὶ
412 980 581 1057 ὑποθέμενος
595 983 659 1044 ἔπος
678 981 763 1052 οῦδὲν,
779 981 940 1060 ἀποπέμπει

146 1066 194 1126 τόν
214 1067 326 1144 κήρυκα.
369 1061 559 1144 νοστήσαντος
583 1069 612 1127 δὲ
633 1074 682 1129 τοῦ
704 1070 821 1147 κήρυκος
843 1076 869 1134 ἐς
889 1071 940 1147 τήν

145 1154 291 1231 Κόρινθον,
306 1154 341 1231 ῆν
361 1155 504 1233 πρόθυμος
517 1157 707 1229 πυνθάνεσθαι
725 1159 777 1233 τῆν
797 1158 939 1235 ῦποθήκην

145 1240 161 1300 ὅ
175 1243 352 1320 Περίανδρος·
374 1243 390 1303 ό
404 1244 433 1302 δὲ
447 1243 525 1302 οὖδέν
538 1248 565 1302 οἱ
578 1246 633 1321 ἔφη
646 1235 853 1321 Θρασύβουλον
873 1248 938 1306 ῦπο-

147 1330 256 1392 θέσθαι·
271 1331 406 1408 θωμάζειν
419 1358 449 1390 τε
464 1331 555 1401 αὐτοῦ,
567 1332 630 1408 παρ’
641 1332 700 1391 οἶόν
713 1324 761 1409 μιν
774 1332 858 1410 ἄνδρα
872 1333 938 1393 άπο·

144 1419 272 1497 πέμψειε,
287 1419 322 1483 ὥς
335 1421 510 1500 παραπλῆγά
525 1447 556 1480 τε
571 1422 615 1479 καὶ
629 1425 682 1480 τῶν
696 1425 796 1480 ἑωυτοῦ
817 1421 937 1498 σινάμω

142 1535 201 1583 ρον·
223 1509 411 1590 ἀπηγεόμενος
425 1508 512 1587 τάπερ
523 1510 592 1586 πρός
600 1508 807 1586 Θρασυβούλου
821 1508 937 1568 ὀπώπεε.

145 1598 313 1675 Περίανδρος
335 1598 364 1656 δὲ
385 1599 487 1661 συνιεὶς
508 1599 541 1658 τό
564 1600 686 1673 ποιηθὲν,
710 1597 755 1655 καὶ
777 1597 830 1676 νόῳ
852 1598 939 1676 ἴσχων

145 1682 179 1747 εἷς
198 1688 224 1743 οἱ
237 1684 382 1744 ὑπετίθετο
395 1686 601 1761 Θρασύβουλος
620 1685 685 1747 τοῦς
704 1684 868 1762 ῦπειρόχους
884 1688 939 1744 τιῦν

144 1770 237 1831 οἰστῶν
259 1773 392 1846 φονεύειν,
417 1773 534 1831 ἐνθαῦτα
557 1771 591 1845 δή
612 1777 708 1831 πᾶσαν
735 1772 871 1847 κακότητα
898 1774 937 1842 ἒξ-

146 1857 241 1931 έφαινε
263 1862 290 1919 ἐς
309 1858 374 1918 τοῦς
392 1858 537 1932 πολιήτας.
580 1857 636 1915 ὅσα
656 1857 711 1936 γάρ
734 1858 866 1935 Κύψελος
887 1859 938 1919 άπ-

145 1944 224 2001 έλιπε
238 1943 348 2002 κτείνων
365 1970 395 2002 τε
417 1945 462 2001 καὶ
476 1943 586 2012 διώκων,
601 1943 770 2019 Περίανδρός
791 1953 868 2019 σφεα
888 1947 937 2007 άπ-

397 2029 481 2053 κ(ν
544 2028 588 2052 ’ν

145 2032 266 2091 ετέλεσε.
306 2035 359 2109 μιῇ
379 2031 408 2089 δε
425 2055 514 2107 ημερη
534 2031 656 2088 απεδυσε
669 2029 763 2093 πάσας
776 2030 825 2094 τάς
840 2039 937 2111 Κοριν-

140 2120 208 2180 ’θίων
228 2124 366 2201 γυναῖκας,
389 2117 434 2177 δια
452 2117 504 2192 τήν
522 2120 622 2176 ἑωυτοῦ
641 2122 758 2199 γυναῖκα
774 2121 938 2182 Μέλισσαν·

142 2209 285 2285 πέμψαντι
297 2207 351 2285 γάρ
365 2209 391 2263 οἱ
406 2210 433 2267 ε’ς
443 2205 626 2280 Θεσπρωτοῦς
636 2205 678 2265 ε’π’
688 2205 840 2285 Ἀχέροντα
854 2235 938 2269 ποτα-

142 2295 197 2369 μόν
212 2294 349 2373 ἀγγέλους
368 2292 413 2351 ἐπὶ
426 2291 458 2350 τό
473 2294 685 2369 νεκυομαντήῖον
705 2296 939 2372 παρακαταθήκης

142 2381 206 2456 πέρι
225 2381 349 2454 ξεινικῆς,
367 2379 429 2439 οῦτε
447 2381 596 2456 σημανέειν
614 2383 669 2457 ἔφη
684 2381 703 2458 ῆ
722 2384 861 2442 Μέλισσα
881 2389 938 2443 ε’πι-

143 2471 274 2542 φανεῖσα,
289 2466 350 2526 οὔτε
364 2469 499 2545 κατερέειν
513 2474 541 2527 ἐν
554 2472 591 2547 τῷ
606 2470 695 2528 κέεται
713 2471 795 2549 χώρῳ
812 2470 830 2546 ῆ
850 2498 938 2550 παρα-

143 2555 294 2631 καταθήκη·
315 2559 411 2635 ῥιγοῦν
424 2582 455 2614 τε
468 2556 522 2636 γάρ
544 2558 590 2615 καὶ
604 2557 673 2616 εἶναι
686 2558 787 2638 γυμνή·
808 2562 863 2618 τῶν
883 2560 937 2640 γάρ

415 2647 423 2666 e
456 2645 464 2664 Ι
534 2644 546 2666 2

142 2647 169 2701 οἱ
187 2645 383 2723 συγκατέθαψε
401 2670 517 2721 ειματων
530 2649 635 2720 οφελος
649 2646 718 2704 εἶναι
738 2646 823 2717 οὐδὲν,
838 2645 870 2705 οῦ
891 2673 937 2705 κα-

141 2731 340 2791 τακαυθέντων·
353 2731 504 2808 μαρτύριον
514 2732 546 2790 δέ
558 2735 585 2790 οἱ
599 2732 668 2791 εἶναι
682 2733 717 2796 (ῦς
731 2733 838 2810 ἀληθέα
851 2740 938 2794 ταῦτα
992 2808 998 2820 ·

141 2818 227 2898 λέγει,
247 2816 291 2878 ὅτι
314 2820 358 2878 ε’πὶ
380 2819 488 2897 ψυχρόν
508 2819 557 2879 τόν
582 2819 661 2879 ὶπνόν
683 2820 853 2899 Περίανδρος
874 2823 937 2885 τοῦς

142 2902 241 2983 άρτους
268 2908 401 2983 ἐπέβαλε.
441 2911 528 2966 ταῦτα
550 2907 580 2965 δὲ
602 2907 636 2971 ὦς
658 2908 749 2968 ὀπίσω
769 2904 937 2991 α’πηγγέλθη

141 2998 179 3074 τῷ
196 2993 362 3074 Περιάνδρῳ,
377 2994 492 3074 (πιστόν
513 2994 567 3075 γάρ
591 2998 617 3054 οἶ
637 2995 672 3071 ῆν
692 2996 725 3056 τό
748 2998 936 3074 συμβόλαιον,

140 3081 172 3146 ὃς
184 3088 270 3162 νεκρῷ
290 3083 376 3162 εὀύσῃ
389 3084 527 3161 Μελίσσῃ
546 3084 650 3165 ἐμίγη)
666 3084 742 3147 ἰθέως
755 3084 788 3159 δῆ
803 3084 873 3160 μετά
887 3087 930 3159 τήν

121 3167 266 3247 α’γγελιην
281 3171 415 3255 κήρυγμα
438 3170 608 3250 ἐποιήσατο,
623 3177 649 3235 ἐς
662 3171 698 3230 τὸ
707 3171 829 3246 Ἡραῖον
850 3172 944 3236 ἐξιὲνο

105 3253 210 3319 πασας
224 3259 280 3323 τάς
301 3263 472 3341 Κορινθίων
490 3266 645 3346 γυναῖκας.
669 3262 722 3339 ,αἱ
747 3259 797 3333 μὶν
817 3253 868 3324 δῆν
883 3253 921 3310 *3³³
942 3257 971 3309 ἒ·
