2024 3450
63 109 103 167 ιι,
120 107 162 172 29]
248 114 251 118 ·
375 107 563 158 κιιιιοιια.
812 105 859 154 ωε

63 184 96 244 δέ
106 192 162 262 σφι
175 186 284 246 εἴλοντο
297 185 412 246 ἑστάναι
422 188 450 246 οἱ
460 187 632 262 Σπαρτιῆται
641 185 706 249 τούς
715 182 861 265 Τεγεήτας,
883 200 916 246 18
921 204 952 234 ⁰0

64 274 110 331 καὶ
123 277 206 350 τιμῆς
219 272 307 332 εἵνεκα
320 272 366 331 καὶ
379 271 486 349 άρετῆς·
506 271 646 332 τούτωνδ’
659 272 734 348 ἦσαν
747 271 862 331 ὁπλῖται
900 256 976 395 Ὗ*

64 360 152 438 χίλιοι
173 360 219 419 καὶ
242 359 431 436 πεντηκόσιοι.
470 357 542 436 μετά
567 359 596 417 δέ
615 359 728 419 τούτους
749 359 862 418 ἵσταντο
880 389 961 436 Μ,

65 448 219 525 Κορινθίων
242 449 474 525 πεντακισχίλιοι·
515 446 645 524 παράδε
633 447 725 522 έσφι
751 445 862 523 εὕροντο
901 430 977 484 ΕΜ

64 561 141 612 παρα
132 535 346 595 Παυσανίεω
334 533 448 594 εστάναι
458 533 714 609 Ποτιδαιητέων
674 557 730 606 των
743 537 772 591 ἐκ
782 537 862 592 Παλ·
889 550 945 592 360

63 623 151 698 λη’νης
168 623 233 685 τούς
245 622 398 699 παρεόντας
410 622 595 698 τριηκοσίους.
636 619 739 680 τούτων
755 619 786 678 33
804 619 863 697 ἐχό·
919 611 977 656 *⁷⁶¹²

845 704 853 725 ι
894 679 977 740 ‘stau

63 736 143 786 μενοι
164 709 279 769 ἵσταντο
291 709 446 786 Ἀρκάδες’
448 708 617 788 Ορχομένιοι
633 707 783 777 ἑξακόσιοι·
803 732 864 766 που·
875 759 916 800 m

65 822 119 855 πων
142 795 179 864 δέ,
202 796 345 860 Σικυώνιοι
365 796 529 875 τρισχίλιοι.
570 794 674 855 τούτων
701 794 731 853 δὲ
758 793 864 873 εἴχοντο
891 802 977 876 (sub

65 881 275 959 Ἐπιδαυρίων’
260 883 426 945 οκτακόσιοι
447 911 524 961 παρα
515 882 564 943 δε
577 882 690 946 τούτους
700 881 865 960 Τροιζηνίων
881 891 888 921 ¹
892 889 929 984 Ὗ
949 867 977 928 3⁶

68 970 223 1030 ἐτάσσοντο
240 973 338 1051 χίλιοι.
379 972 543 1048 Τροιζηνίων
559 971 617 1030 δὲ’
605 971 740 1050 εχόμενοι,
759 977 865 1046 Λεπρε-
882 924 977 1101 “CR

67 1057 153 1133 ητέων
162 1057 308 1134 διηκόσιοι·
322 1059 425 1120 τούτων
435 1059 472 1129 δὲ,
484 1060 651 1136 Μυκηναίων
662 1086 707 1118 και
697 1058 865 1136 Τιρυνθίων
883 1079 937 1148 ’,χχ
913 1078 944 1106 ⁰⁰

66 1145 250 1223 τετρακόσιοι.
291 1146 395 1209 τούτων
416 1149 480 1208 δὲ’
467 1148 602 1255 ἐχόμενοι,
620 1148 753 1207 Φλιάσιοι
768 1152 866 1226 χιλιοι·
883 1165 938 1203 tm
958 1162 976 1200 9

67 1233 143 1311 παρά
172 1235 203 1294 δέ
228 1235 341 1300 τούτους
368 1238 493 1298 ἔστασαν
517 1235 674 1313 Ερμιονέες
701 1235 865 1312 τριηκόσιοι.
900 1227 977 1273 ”³¹

66 1321 232 1399 Ἑρμιονέων
254 1324 317 1383 δὲ’
305 1325 432 1431 εχόμενρι
454 1325 567 1382 ἵσταντο
588 1322 748 1399 Ἐρετριέων
768 1346 800 1380 τε
821 1321 867 1379 καὶ
904 1295 977 1432 :5

68 1411 192 1486 Στυρέων
203 1410 352 1479 ἑξακόσιοι·
366 1411 469 1471 τούτων
480 1410 510 1470 63
520 1409 673 1471 Χαλκιδέες
682 1407 918 1484 τετρακόσιοι·
894 1449 977 1516 W!

67 1496 171 1556 τούτων
197 1497 234 1566 δέ,
260 1496 488 1606 Αμπρακιητέων
515 1496 702 1572 πεντηκόσιοι.
743 1494 814 1571 μετά
838 1466 905 1554 33
942 1543 968 1600 n

67 1584 189 1651 τούτους,
200 1584 410 1644 Λευκαδίων
367 1610 413 1643 και
422 1583 632 1660 Ἀνακτορίων’
617 1581 778 1642 οκτακόσιοι
787 1583 868 1642 ἐστα
892 1562 951 1684 2320
970 1570 977 1681 l*

68 1697 133 1731 σαν·
148 1670 252 1731 τούτων
265 1672 295 1731 δέ
308 1672 445 1750 ἐχόμενοι,
457 1673 568 1734 Παλέες
582 1674 608 1730 οἱ
621 1677 651 1730 ἐκ
666 1672 868 1779 Κεφαλληνίης
883 1708 939 1752 ,Ἢ
952 1703 973 1749 χ

69 1759 216 1830 διηκόσιοι.
246 1786 318 1836 μετα
310 1759 362 1819 δέ
374 1760 497 1830 τούτους,
511 1760 678 1872 Αἰγινητέων
691 1759 869 1836 πεντηκόσιοι

69 1847 239 1925 ἐτάχθησαν.
280 1874 356 1925 παρα
347 1846 400 1907 33
415 1848 529 1911 τούτους
548 1846 703 1908 ἐτάσσοντο
718 1847 967 1929 Μεγαρέωνηρι
885 1843 965 1888 ΒΜ

69 1936 232 2012 τρισχίλιοι.
264 1937 372 2015 εἴχοντο
387 1937 416 1995 δε
428 1962 539 2004 τουτων,
552 1936 707 1998 Πλαταιέες
714 1934 869 2004 ἑξακόσιοι.
884 1882 977 2001 um

68 2026 223 2082 τελευταῖοι
237 2023 324 2082 δέ
280 2050 326 2082 και
339 2028 445 2100 πρῶτοι
456 2023 625 2099 Ἀθηναῖοι’
613 2020 776 2090 επάσσοντο,
791 2021 870 2096 κέρας
879 2053 950 2092 γη,

71 2114 183 2218 ἔχοντες
200 2110 232 2170 τό
256 2110 401 2188 εύάνυμον,
418 2110 633 2189 ὀκτακισχίλιοι·
663 2105 870 2187 ἐστρατήγεεδ
898 2090 977 2149 Μ’*

69 2198 159 2259 αύτῶν
176 2198 383 2311 Ἀριστείδης
368 2227 383 2259 ο
401 2198 579 2278 Λυσιμάχου.
621 2222 705 2265 ουτοι,
723 2195 855 2270 πλὴν
817 2214 925 2254 των

70 2286 140 2346 ἑπτά
161 2288 224 2365 περὶ
246 2290 364 2348 ἕκαστον
384 2288 557 2369 τεταγμένων
577 2282 816 2362 Σπαρτιήτησι,’
797 2309 977 2377 ησανῃῐγμ

70 2375 192 2445 ὁπλῖται,
204 2378 376 2440 συνάπαντες
387 2376 476 2440 ἐόντες
486 2374 605 2454 άριθμόν
615 2399 687 2451 τρεις
700 2398 731 2432 τε
743 2372 872 2450 μυριάδες
918 2369 977 2461 &W

71 2464 117 2520 καὶ
135 2461 207 2521 όκτω
198 2464 348 2542 χιλιάδες
364 2490 410 2523 και
400 2462 631 2525 ἑκατοντάδες
619 2461 697 2520 επτά.
738 2460 871 2520 Ὀπλῖται
881 2460 918 2519 29

70 2552 122 2624 μὲν
138 2553 165 2608 οἱ
180 2550 284 2613 πάντες
302 2553 487 2631 συλλεγέντες
504 2551 550 2609 ἐπὶ
570 2549 619 2610 τόν
634 2548 785 2626 βάρβαρον
798 2547 872 2624 ἦσαν

72 2640 212 2695 τοσοῦτοι·
221 2654 224 2658 ’
234 2641 325 2712 ψιλῶν
338 2638 368 2697 δέ
381 2639 492 2713 πλῆθος
504 2636 539 2711 ἦν
554 2637 627 2696 τάδε·
648 2640 699 2711 τῆς
714 2639 766 2713 μὲν
780 2639 872 2712 Σπαρ-

71 2727 195 2800 τιητικῆς
203 2724 298 2794 τάξιος
307 2725 531 2808 πεντακισχίλιοι
541 2725 586 2782 καὶ
596 2724 755 2800 τρισμύριοι
769 2722 872 2800 ἅνδρες,

72 2812 107 2875 ὦς
121 2811 220 2874 ἐόντων
234 2814 304 2874 {md
316 2813 380 2890 περὶ
395 2814 513 2872 ἕκαστον
526 2809 621 2889 ἄνδρα·
644 2812 689 2869 καὶ
702 2811 806 2871 τούτων
819 2815 874 2873 πᾶς

71 2927 113 2963 τις
135 2900 297 2978 παρήρτητο
321 2899 356 2964 ὥς
377 2906 404 2964 ἐς
427 2899 562 2976 πόλεμον·
594 2903 621 2959 οἱ
643 2899 672 2958 δὲ
693 2901 748 2957 τῶν
768 2899 874 2956 λοιπῶν

72 2989 297 3067 Λακεδαιμονίων
324 2989 369 3049 καὶ
395 2988 540 3064 Ελλήνων
567 2986 655 3065 ψιλοὶ,
684 2984 719 3047 αἷς
746 2982 784 3045 εἷς
810 2983 874 3057 περὶ

74 3076 192 3138 ἕκαστον
211 3079 262 3140 ἐοδν
280 3077 375 3157 άνδρα,
391 3077 571 3138 πεντακόσιοι
589 3101 634 3134 και
624 3070 883 3148 τετρακισμλιοι

73 3163 120 3220 καὶ
139 3166 297 3244 τρισμύριοι
327 3166 413 3244 ἦσαν·
435 3167 583 3247 ψιλων
554 3190 604 3244 μεν
624 3161 679 3238 δὴ
687 3161 745 3219 τῖον
768 3153 905 3213 απαυτων

60 3274 196 3326 μαχιμων
219 3253 256 3328 ἧν
276 3255 310 3316 τό
337 3257 512 3335 πλῆθοςινὲ
480 3284 512 3328 ε
540 3281 577 3316 τε
606 3248 751 3330 μυριύδες
773 3265 829 3300 W·
845 3230 941 3290 ‘ww‘
