2024 3450
139 107 187 155 108
445 103 629 152 ‘HPOAOTO'P
878 106 940 170 [VL

139 210 223 261 μενον
238 184 368 259 τρέπεται
383 183 537 259 τριφασίας
556 181 643 246 ὁδούς·
667 183 713 243 καὶ
726 181 745 259 ἦ
760 187 812 262 μέν
825 183 940 261 ἄσφαλ-

140 299 187 335 τος
201 273 247 331 καὶ
266 274 292 329 οἶ
309 271 374 334 ἅλες
392 271 546 351 πήγνυνται
566 271 778 348 παραυτίκα,τὸ
798 273 827 331 δὲ
847 274 941 333 ἔλαιον

140 359 293 440 συνάγουσι
312 364 341 417 ἐν
358 358 488 439 α’γγείοις,
501 358 535 419 τό
550 363 576 418 οἱ
590 359 702 435 Πέρσαι
717 361 853 419 καλέουσι
865 361 940 436 ῥαδι-

139 447 233 524 νάκην·
249 448 309 506 ἐστι
320 446 350 504 δέ
359 447 450 522 μέλαν
461 448 507 504 καὶ
517 445 607 522 ὀδμήν
617 447 808 525 παρεχόμενον
821 449 938 524 βαρέαν·

139 536 257 595 ἐνθαῦτα
269 534 334 597 τούς
345 533 501 610 Ἐρετριέας
511 535 653 593 κατοίκισε
662 533 803 610 βασιλευς
811 541 938 612 Δαρεῖος·

139 623 165 682 οἳ
182 623 227 682 καὶ
242 623 326 701 μέχρι
343 622 408 699 ἐμέο
427 622 503 701 εἶχον
518 621 570 697 τήν
586 621 680 701 χώρην
696 621 807 697 ταύτην,
827 624 938 698 φυλάσ-

137 736 235 773 σοντες
260 709 312 786 τήν
338 708 459 788 α’ρχαίην
483 713 629 789 γλῶσσαν.
673 708 709 769 τά
735 712 787 786 μὲν
814 709 847 786 δή
874 714 938 787 περὶ

137 797 292 877 Ἐρετριέας
305 799 372 876 ἔσχε
385 796 464 856 οὕτω.

91 887 148 946 120
200 884 424 962 Λακεδαιμονίων
444 885 474 943 δέ
494 881 564 959 ἧκον
585 889 612 948 ἐς
631 883 681 947 τάς
703 882 823 961 Ἀθήνας
847 885 936 966 δισχί-

136 978 194 1032 λιοι
214 973 285 1050 μετά
304 972 356 1049 τήν
376 973 562 1048 πανσέληνον,
586 972 694 1051 ἔχοντες
715 971 842 1047 σπουδήν
865 980 937 1033 πολ-

136 1061 190 1136 λήν
217 1062 390 1136 καταλαβεῖν
416 1059 487 1119 οὕτω
514 1058 587 1119 ὥστε
608 1063 727 1134 τριταῖοι
752 1065 781 1118 ἐκ
806 1061 936 1137 Σπάρτης

136 1149 262 1229 ἐγένοντο
281 1153 310 1207 ἐν
327 1144 500 1226 τῇἈττικῇ·
522 1144 635 1224 ὕστεροι
654 1146 682 1204 δέ
704 1145 866 1224 ἀπικόμενοι
886 1154 936 1224 τῆς

136 1238 295 1312 συμβολῆς,
310 1235 448 1312 ἱμείροντο
465 1233 538 1311 ὅμως
551 1234 710 1309 θεήσασθαι
730 1233 794 1297 τούς
808 1235 934 1310 Μήδους·

136 1324 263 1387 ἐλθόντες
284 1323 318 1391 δὲ,
332 1327 359 1386 ἐς
376 1321 426 1383 τόν
439 1322 600 1399 Μαραθῶνα
621 1320 783 1396 ἐθεήσαντο·
803 1350 875 1398 μετα
867 1323 933 1392 δὲ,

135 1413 269 1475 αἰνέοντες
284 1411 448 1487 Ἀθηναίους
462 1410 508 1469 καὶ
523 1408 556 1469 τό
575 1409 708 1490 ἔργον’
674 1413 764 1469 αυτῶν
783 1409 933 1470 ἀπαλλάσ-

135 1526 220 1560 O'OWO
241 1497 342 1559 effluo).

89 1589 143 1646 121
197 1592 284 1663 Θῶμα
298 1587 329 1646 δέ
337 1613 394 1664 μοι,
406 1586 452 1645 καὶ
466 1584 515 1646 οὐκ
529 1540 717 1662 ἐνδέκομαι
685 1611 734 1644 τον
742 1584 838 1666 λογον,
849 1586 933 1646 Ἀλ-κ

133 1673 313 1752 μαιωνίδας
295 1701 329 1734 αν
344 1700 407 1734 κοτε
420 1672 548 1744 ἀναδέξαι
563 1675 722 1750 Πέρσῃσι’
709 1700 739 1731 εκ
754 1674 933 1750 συνθήματος

135 1762 249 1832 ἀσπίδα,
258 1761 477 1837 βουλομένους
461 1788 516 1821 υπο
507 1760 713 1838 βαρβάροισί
722 1787 753 1820 τε
768 1761 836 1821 εἶναι
849 1762 932 1838 Ἀθη-

133 1851 225 1912 ναίους
249 1849 295 1907 καὶ
318 1848 373 1908 fimi
395 1849 553 1928 Ἱππίῃ·
524 1874 621 1912 οιτινες
643 1848 806 1926 μᾶλλον,
785 1876 808 1958 ῃ
832 1849 933 1926 ὁμοίως

134 1937 300 2016 Καλλίῃ
263 1963 301 1997 τω
314 1937 478 2006 Φαινίππου,
492 1936 652 1996 Ιππονίκου
666 1937 696 1996 δέ
709 1962 803 2013 τατρι,
820 1939 931 2012 φαίνον-

133 2051 179 2085 ται
199 1996 396 2103 μισοτθραννοι
418 2023 516 2087 ἐόντες.
558 2023 688 2100 Καλλίης
705 2049 737 2084 τε
756 2022 812 2104 γάρ
830 2030 933 2099 μοῦνος

132 2112 285 2190 Ἀθηναίων
300 2112 429 2172 ἁπάντων
447 2112 561 2189 ἐτόλμα,
581 2110 649 2175 ὅκως
664 2113 872 2188 Πεισίστρατος
890 2117 932 2170 ε’κ-

132 2203 216 2260 πέσοι
234 2207 263 2260 ἐκ
283 2205 338 2261 τῶν
357 2199 503 2275 Ἀθηνέων,
517 2199 552 2260 τά
572 2198 704 2277 χρήματα
723 2199 807 2258 αὐτοῦ
829 2225 931 2274 κηρυσ-

134 2288 240 2364 σόμενα
264 2288 318 2347 ὑπό
340 2290 389 2347 τοῦ
408 2287 544 2361 δημοσίου
564 2286 705 2360 ὠνέεσθαι,
732 2287 777 2345 καὶ
798 2287 833 2345 τά
854 2285 932 2345 ἅλλα

88 2376 144 2434 122
152 2375 188 2434 τά
205 2377 322 2453 ἔχθιστα
339 2379 365 2436 ἐς
382 2373 467 2433 αὐτόν
483 2373 574 2433 πάντα
588 2378 756 2453 ἐμηχανᾶτο.
798 2376 932 2432 Καλλίεω

134 2463 163 2521 δὲ
178 2462 278 2522 τούτου
296 2460 373 2530 ἄξιον
390 2465 540 2541 πολλαχοῦ
555 2461 667 2539 μνήμην
684 2462 746 2522 ἐστὶ
762 2461 853 2521 πάντα
871 2461 933 2520 τινά

134 2551 214 2628 ἔχειν·
235 2555 318 2610 τοῦτο
342 2552 393 2625 μὲν
417 2549 471 2629 γάρ
497 2549 533 2609 τά
557 2551 777 2630 προλελεγμένα,
803 2549 838 2613 οἷς
862 2549 932 2624 ἀνὴρ

133 2637 216 2715 ἄκρος
246 2638 396 2712 ἐλευθερῶν
426 2636 478 2712 τὴν
506 2637 639 2713 πατρίδα·
669 2643 752 2697 τοῦτο
783 2639 812 2696 δὲ
841 2636 877 2697 τά
904 2642 933 2696 ἐν

132 2726 276 2804 Ὀλυμπίῃ
298 2726 421 2799 ἐποίησε,
441 2725 515 2804 ἵππῳ
534 2724 649 2798 νικήσας
665 2726 806 2804 τεθρίππῳ
827 2725 857 2782 δέ
874 2723 933 2782 δεύ-

132 2840 210 2891 τερος
234 2812 389 2895 γενόμενος,
414 2811 507 2871 Πύθια
536 2812 565 2870 δὲ
591 2812 728 2889 πρότερον
757 2811 932 2887 ἀνελόμενος,

134 2901 323 2979 ἐφανερώθη’
311 2927 338 2962 ες
353 2926 418 2962 τους
429 2898 573 2974 Ἕλληνας
588 2899 692 2962 πάντας
711 2900 865 2979 μεγίστῃσι
887 2897 932 2954 δα-

384 2987 564 3010 xxx(

121 3014 242 3063 πονῃσι·
263 3015 348 3049 τουτο
363 2989 394 3048 δε
406 3014 478 3048 κατα
491 3014 541 3051 τας
552 3012 651 3046 εωυτου
638 2987 845 3067 θυγατέρας,’
833 2983 933 3046 εούσας

101 3076 187 3170 786ἵῦ
213 3076 277 3140 οἶός
300 3104 344 3141 τις
367 3077 441 3157 α’νήρ
465 3079 588 3163 ἐγένετο·
616 3073 767 3153 ἐπειδὴ
733 3101 789 3157 γαρ
813 3071 939 3151 ἐγένοντο

82 3152 189 3225 Vallum)
207 3163 322 3241 ωραῖαι,
348 3170 442 3232 ἔδωκέ
462 3171 562 3251 σφιδ
563 3195 658 3286 ωρεῃν
681 3154 957 3263 μεγαλοπρεπεστά-

65 3253 131 3304 '7¹‘ae
162 3250 308 3334 ἐκειίκῃσί
328 3286 365 3324 π
391 3265 580 3350 ἐχαρίσατο
615 3265 649 3322 ἐκ
678 3253 739 3341 γὰρ
770 3247 887 3309 πάντων
914 3265 973 3301 των
