2024 3450
129 118 177 164 ιιι·
434 112 617 160 Ἧκοοουοι
864 111 927 178 [IX.

128 195 182 274 γάρ
196 197 234 270 τῷ
248 194 327 268 κοινῷ
341 192 386 249 καὶ
405 191 584 267 ἐμηδίσαμεν,
600 187 663 247 οὐδὲ
675 191 775 265 μοῦνοι
790 189 885 268 ἡμέες·
906 197 930 251 εἶ

128 281 157 338 δὲ
184 279 275 355 ἡμέων
306 277 431 352 ἀληθέως
461 277 584 354 δεόμενοι
614 277 823 353 πολιορκέουσι,
851 278 930 357 ἡμεῖς

126 366 213 442 ἡμέας
229 365 328 428 αὗτοθς
347 372 374 428 ἐς
395 364 556 446 ἀντιλογίην
569 364 755 441 παρέξομεν.”
795 365 885 444 κάρτα
900 394 930 428 τε

129 453 204 525 ἔδοξε
215 454 243 513 εὖ
256 456 356 535 λέγειν,
364 455 418 513 ’καὶ
432 459 459 517 ἐς
473 453 576 530 καιρόν·
597 451 694 511 αὐτίκα
707 479 738 512 τε
752 455 930 531 ἐπεκηρυκεύ-

130 569 193 602 οντο
207 543 276 618 πρός
291 543 454 616 Παυσανίην
468 544 494 600 οἳ
507 543 638 616 Θηβαῖοι,
654 541 783 604 θέλοντες
795 541 931 602 ἐκδιδόναι

82 633 121 690 88
129 630 193 692 τούς
220 630 328 706 ἀνδρας.
369 629 417 691 Ὡς
444 629 472 687 δὲ
500 626 689 707 ὦμολόγησαν
722 629 769 689 ἐπὶ
795 629 931 700 τούτοισι,

129 718 291 797 Ἀτταγῖνος
303 720 354 793 μὲν
369 705 539 792 ἐκδιδρήσκει
554 721 583 774 ἐκ
593 719 642 775 τοῦ
656 714 767 779 ἄστεος·
787 718 891 781 παῖδας
904 718 933 777 δὲ

131 805 215 865 αὐτοῦ
236 805 410 883 ἀπαχθέντας
430 804 594 879 Παυσανίης
614 800 740 862 ἀπέλυσε
760 809 812 879 τὴς
836 806 932 880 αἰτίης,

131 894 187 968 φάς
206 897 256 952 τοῦ
276 893 419 968 μηδισμοῦ
442 892 542 953 παῖδας
569 889 647 950 οὐδὲν
670 891 739 949 εἶναι
765 893 932 968 μεταιτίους

130 981 194 1042 τούς
208 981 237 1038 δὲ
250 978 355 1041 ἅλλους
372 977 471 1055 ἄνδρας
489 979 554 1040 τούς
572 978 702 1047 ἐξέδοσαν
718 981 745 1037 οἶ
758 981 893 1055 Θηβαῖοι,
908 985 933 1039 οἱ

130 1070 181 1143 μὲν
195 1065 303 1125 ἐδόκεον
316 1065 475 1145 ἀντιλογίης
492 1092 523 1125 τε
543 1065 680 1142 κυρήσειν,
695 1067 741 1125 καὶ
755 1065 788 1142 δὴ
802 1068 933 1144 χρήμασι

132 1154 317 1214 ἐπεποίθεσαν
338 1154 509 1213 διωθέεσθαι·
541 1153 557 1212 ὁ
578 1154 607 1211 δὲ
628 1153 663 1216 ὥς
682 1155 841 1231 παρέλαβε,
863 1155 933 1216 αὐτά

130 1249 218 1302 ταῦτα
237 1242 383 1311 ὑπονοέων,
403 1240 456 1316 τὴν
476 1239 611 1317 στρατιὴν
630 1240 682 1316 τὴν
700 1245 755 1301 τῶν
776 1244 934 1323 συμμάχων

132 1331 246 1391 ἅπασαν
273 1330 371 1408 ἀπῆκε,
399 1330 445 1387 καὶ
472 1331 590 1392 ἐκείνους
612 1327 725 1409 ἀγαγών
745 1334 773 1392 ἐς
793 1330 935 1407 Κόρινθον

133 1418 281 1496 διέφθειρε.
322 1424 409 1479 ταῦτα
422 1419 473 1493 μὲν
486 1416 521 1476 τά
536 1422 564 1475 ἐν
578 1421 742 1495 Πλαταιῇσι
756 1417 801 1475 καὶ
816 1417 934 1497 Θήβησι

133 1505 276 1585 γενόμενα.
909 1585 911 1588 y

87 1596 124 1652 89
173 1593 348 1671 Ἀρτάβαζος
361 1593 390 1652 δὲ
404 1593 419 1653 ὁ
433 1592 589 1669 Φαρνάκεος
604 1591 714 1673 φείγων
727 1597 756 1650 ἐκ
767 1596 935 1655 Πλαταιέων

135 1681 181 1739 καὶ
205 1681 239 1756 δὴ
266 1682 312 1740 καὶ
332 1681 430 1757 πρόσω
451 1681 564 1760 ἐγίνετο·
600 1678 768 1756 ἀπικόμενον
788 1680 820 1739 δέ
838 1709 888 1759 μιν
909 1685 935 1742 οἶ

135 1770 282 1827 Θεσσαλοὶ
304 1768 380 1844 παρά
404 1769 496 1842 σφέας
523 1769 570 1828 ε’πί
587 1793 618 1826 τε
638 1768 724 1836 ξείνια
743 1766 868 1840 ἐκάλεον,
890 1772 936 1828 καὶ

135 1853 295 1932 ἀνειρώτευν
325 1857 389 1932 περὶ
415 1860 465 1931 τῆς
491 1859 625 1932 στρατιῆς
650 1859 700 1929 τῆς
729 1854 829 1932 ἄλλης,
857 1856 936 1917 οὐδὲν

136 1942 315 2020 ἐπιστάμενοι
340 1947 395 2002 τῶν
422 1948 451 2003 ἐν
479 1947 645 2022 Πλαταιῇσι
671 1943 833 2025 γενομένων·
862 1943 880 2003 ὅ
907 1945 936 2004 δὲ

135 2031 318 2108 Ἀρτάβαζος,
345 2030 427 2112 γνοδς
453 2032 496 2091 ὅτι
523 2035 547 2090 εἰ
574 2032 666 2092 ἐθέλοι
685 2037 742 2106 σφι
764 2034 862 2092 πᾶσαν
884 2033 937 2109 τὴν

136 2118 273 2195 άληθηίην
292 2123 348 2179 τῶν
367 2119 479 2199 ἀγόνων
500 2123 593 2188 εἰπεῖν,
616 2118 698 2182 αὐτός
716 2144 747 2178 τε
768 2119 937 2180 κινδυνεύσει

135 2206 295 2267 ἀπολέσθαι
317 2208 361 2265 καὶ
382 2208 397 2266 ὁ
417 2207 476 2282 μετ’
492 2207 577 2266 αὐτοῦ
597 2207 727 2283 στρατός·
748 2207 938 2282 ἐπιθήσεσθαι

135 2292 190 2373 γάρ
205 2297 231 2351 οἱ
245 2295 335 2352 πάντα
348 2294 408 2352 τινά
426 2295 500 2352 οἴετο
516 2295 722 2371 πυνθανόμενον
738 2293 774 2354 τά
789 2296 937 2375 γεγονότα·

135 2384 223 2439 ταῦτα
238 2379 454 2460 ἐκλογιζόμενος,
470 2381 532 2439 οὔτε
547 2383 616 2457 πρός
632 2382 696 2446 τοῦς
712 2382 822 2445 Φωκέας
841 2383 939 2464 ἐξαγά·

135 2494 197 2545 ρευε
222 2467 308 2537 οὐδὲν,
332 2467 401 2544 πρός
421 2494 453 2527 τε
475 2469 540 2533 τούς
563 2467 730 2534 Θεσσαλοθς
756 2471 836 2550 ἔλεγε
861 2471 938 2530 τάδε·

137 2556 216 2638 “ἐγιδ
232 2558 291 2632 μὲν,
307 2556 328 2615 ὦ
347 2554 441 2632 ἀνδρες
457 2560 612 2632 Θεσσαλοὶ,
629 2558 664 2622 οἷς
679 2558 771 2636 ὁρᾶτε,
790 2558 943 2639 ἐπείγομαί

136 2669 167 2702 τε
181 2644 250 2703 κατά
263 2643 314 2719 τὴν
327 2646 465 2723 ταχίστην
478 2650 549 2706 ἐλῶν
563 2652 590 2710 ἐς
605 2648 736 2724 Θρηίκην,
752 2647 797 2706 καὶ
809 2646 941 2721 σπουδὴν

138 2734 190 2812 ἔχω
209 2733 347 2809 πεμφθεὶς
367 2734 438 2793 κατά
457 2760 485 2793 τι
505 2739 622 2815 πρῆγμα
636 2740 666 2794 ἐκ
679 2738 729 2794 τοῦ
746 2733 941 2810 στρατοπέδου

137 2821 208 2899 μετά
221 2821 314 2881 τῶνδε·
335 2820 417 2884 αὐτός
431 2822 460 2882 δὲ
473 2822 538 2899 ἡμῖν
551 2821 709 2899 Μαρδόνιος
727 2822 773 2881 καὶ
786 2820 802 2882 ό
816 2821 941 2898 στρατός

138 2909 230 2981 αὐτοῦ,
245 2908 324 2974 οὗτος
338 2910 407 2968 κατά
420 2911 508 2973 πόδας
526 2914 591 2986 ἐμεῦ
612 2910 732 2971 ἐλαύνων
748 2908 941 2986 προσδόκιμός

138 3004 208 3057 ἐστι·
225 3002 323 3058 τοῦτον
337 2998 382 3055 καὶ
395 2998 521 3068 ξεινίζετε
536 2999 582 3056 καὶ
596 2996 625 3056 εὖ
638 3002 778 3061 ποιεῦντες
791 2997 941 3073 φαίνεσθε·

127 3085 166 3148 ον’
176 3086 232 3171 γάρ
247 3085 315 3167 ν’μῖν
329 3091 357 3151 ἐς
369 3083 472 3167 χρόνον
489 3085 578 3145 ταῦτα
593 3089 706 3144 ποιεῦσι
724 3083 941 3160 μεταμελήσει.”

115 3183 211 3239 ταῦτα
231 3180 264 3241 δὲ
280 3179 374 3250 εἴπας,
391 3175 539 3238 ἀπέλαυνε
560 3173 674 3249 σπουδῇ
689 3171 739 3244 τὴν
757 3167 889 3242 στρατιὴν
900 3171 955 3266 διδ

103 3272 293 3351 Θεσσαλίης
312 3298 348 3334 τε
368 3271 422 3332 καὶ
444 3264 633 3337 Μακεδονίης
653 3256 703 3318 ἰθῦ
719 3257 772 3326 Τῆἳ
786 3249 921 3322 Qum&
935 3273 976 3306 ³¹³5
