2024 3450
122 114 154 160 ιο
432 106 614 156 Ἡνοιοτου
856 107 920 172 [vl.

123 188 260 264 διπλήσια
281 187 413 264 νέμοντας
436 188 553 264 ἑκατέρῳ
574 185 610 244 τό
630 182 723 244 πάντα
740 180 759 259 ἢ
776 179 854 245 τοῖσι
872 187 921 248 ἅλ-

121 281 201 335 λοισι
215 274 400 351 δαιτυμόνεσι·
416 275 461 332 καὶ
475 272 665 351 σπονδαρχίας
680 272 749 332 εἶναι
761 272 866 333 τούτων
876 277 922 336 καὶ

122 368 176 423 τῶν
194 364 328 422 τυθέντων
348 361 500 439 προβάτων
520 361 706 437 τόδέρματα·
728 363 874 438 νεομηνίας
893 365 923 423 δὲ

121 450 175 511 όνοῖ
195 450 289 512 πόσας
310 451 355 508 καὶ
378 449 500 526 ἑβδόμας
523 448 673 525 ἱσταμένου
694 451 744 507 τοῦ
766 449 860 525 μηνός,
884 451 922 510 δί·

122 539 224 599 δοσθαι
246 545 275 598 ἐκ
292 541 345 598 ,τοῦ
367 538 504 614 δημοσίου
524 536 616 613 ἱρήῖον
629 536 738 595 τέλειον
756 537 874 616 ἑκατέρῳ
895 544 922 603 ε’ς

122 625 310 696 Ἀπόλλωνος,
322 627 367 685 καὶ
380 626 513 703 μέδιμνον
526 622 661 699 ἀλφίτων,
676 625 722 682 καὶ
737 625 812 683 οἴνου
825 626 921 703 τετόρ-

120 740 172 790 την
187 714 358 790 Λακωνικήν·
380 714 425 771 καὶ
441 717 470 773 ἒν
486 716 563 772 τοῖσι
580 710 671 791 α’γῶσι
686 714 759 769 πᾶσι
774 713 922 789 προεδρίας

122 804 288 880 ἐξαιρέτους·
305 803 365 880 ικαὶ
392 801 551 877 προξείνους
577 798 768 858 ἀποδεικνύναι
793 799 920 860 τούτοισι

121 891 309 967 προσκεῖσθαι
326 888 391 950 τούς
410 887 444 946 ἂν
464 888 583 947 ἐθέλωσι
603 891 657 946 τῶν
678 885 780 946 ἅστοῖν·
803 888 848 946 καὶ
862 896 919 947 Πυ-

123 977 197 1039 θίους
210 967 353 1053 αἱρέεσθαι
366 974 414 1034 δύο
429 974 566 1052 ἑκάτερον·
583 975 622 1053 (οἶ
636 973 780 1033 δὲΠύθιοί
791 979 845 1034 εἶσι
860 978 919 1036 θεο-

121 1063 226 1140 πρόποι
243 1070 270 1126 ἐςΙ
283 1063 422 1138 Δελφούς,
437 1062 593 1138 σιτεόμενοι
613 1060 684 1139 μετὰ
701 1065 756 1144 τῶν
772 1063 919 1137 βασιλέων

121 1151 158 1210 τό
178 1150 322 1230 δημόσια.)
339 1206 340 1209 ,
362 1150 402 1226 μή
417 1150 583 1230 ἐλθοῦσι.δέ
602 1153 679 1208 τοῖσι
696 1151 853 1224 βασιλεῦσι
874 1152 919 1211 ἐπὶ

120 1236 155 1297 τό
176 1237 292 1316 δεῖπνον,
307 1237 526 1314 α’ποπέμπεσθαί
543 1243 599 1312 σφι
613 1236 687 1299 ε’ςτό
702 1228 919 1316 οἰκίαῖἇλφίτων

121 1351 153 1385 τε
166 1324 351 1404 δύοχοίνικας
362 1325 535 1403 ἔκατέριρκαὶ
546 1325 620 1384 οἴνου
632 1323 761 1400 κοτύλην·
782 1332 919 1401 παρεοῦσι

121 1413 152 1472 δὲ
172 1413 308 1491 διπλήσια
328 1411 419 1492 πάντα
441 1413 578 1476 δίδοσθαι·
598 1411 687 1472 τώυτό
712 1412 741 1471 δὲ
763 1415 848 1472 τοῦτο
873 1416 918 1493 καὶ

121 1501 191 1579 πρός
211 1492 334 1561 ἰδιωτέων
354 1502 506 1576 κληθέντας
520 1500 565 1559 ε’πὶ
578 1501 689 1571 δεῖπνον
702 1502 848 1577 τιμᾶσθαι·
869 1502 918 1567 τός

120 1589 151 1649 δὲ
162 1590 297 1667 μαντηίας
309 1589 358 1652 τός
369 1589 517 1670 γινομένας
533 1588 646 1650 τούτους
662 1588 831 1663 φυλάσσειν·
852 1617 917 1650 συν-

121 1677 220 1738 ειδέναι
242 1678 272 1737 δὲ
294 1678 340 1737 καὶ
362 1677 426 1741 τούς
450 1677 582 1740 Πυθίους·
607 1675 724 1746 δικάζειν
748 1676 777 1736 δὲ
800 1676 918 1752 μούνους

120 1764 185 1826 τούς
198 1765 338 1838 βασιλέας
355 1764 458 1823 τοσάδε
478 1768 577 1840 μοῦνα·
598 1762 758 1842 πατρούχου
772 1790 802 1823 τε
816 1766 916 1842 παρθέ-

119 1876 168 1909 νου
185 1851 298 1925 πέριηές
316 1851 365 1909 τόν
385 1852 501 1909 ἱκνέεται
523 1852 603 1928 ἔχειν,
617 1849 651 1924 ἢν
669 1850 709 1925 μή
726 1877 778 1928 περ
795 1851 918 1930 όπατήρ

120 1936 206 2011 αύτήν
228 1937 361 2016 ἐγγυήσῃ·
384 1936 429 1993 καὶ
449 1936 522 2015 ὁδῶν
545 1936 699 2011 δημοσιέων
721 1938 794 2012 πέρι·
816 1941 862 1997 καὶ
883 1942 918 2015 ἦν

119 2050 161 2086 τις
174 2022 255 2083 θετόν
271 2023 357 2082 παῖδα
370 2023 516 2082 ποιέεσθαι
529 2022 620 2098 ἐθέλη,
635 2023 781 2096 βασιλέων
795 2028 918 2087 ἐναντίον

119 2113 274 2193 ποιέεσθαι·
297 2111 342 2170 καὶ
362 2110 485 2186 παρίζειν
503 2107 676 2184 βουλεύουσι
697 2112 774 2168 τοῖσι
791 2112 916 2190 γέρουσι,

120 2205 198 2260 εὀὓσι
212 2200 281 2258 δυῶν
295 2199 390 2258 δέουσι
404 2196 561 2274 τριήκοντα·
582 2195 616 2271 ἢν
630 2196 660 2255 δὲ
672 2195 712 2273 μή
727 2197 838 2267 ἔλθωσι,
852 2202 918 2264 τούς

118 2286 246 2363 μάλιστά
267 2292 323 2359 σφι
342 2289 396 2345 τῶν
417 2283 553 2364 γερόντων
573 2283 767 2361 προσήκοντας
790 2287 861 2364 ἔχειν
881 2289 918 2347 τό

117 2378 173 2433 τῶν
185 2372 331 2448 βασιλέων
348 2372 439 2453 γέρεα,
455 2371 503 2431 δύο
517 2371 629 2449 ψήφους
641 2374 808 2449 τιθεμένους,
822 2376 917 2452 τρίτην

119 2460 157 2531 δὲ,
170 2459 222 2535 τήν
236 2463 349 2520 ἑωυτῶν.
614 2516 616 2520 ,
644 2501 646 2506 -
941 2472 945 2478 “

70 2551 109 2608 58
159 2551 252 2606 Ταῦτα
271 2551 323 2624 μὲν
341 2549 410 2620 ζῶσι
427 2551 504 2630 τοῖσι
519 2550 677 2626 βασιλεῦσι
695 2549 802 2608 δέδοται
819 2555 848 2608 ε’κ
866 2554 916 2608 τοῦ

119 2639 210 2696 κοινοῦ
231 2639 286 2695 τῶν
308 2637 510 2714 Σπαρτιητέων·
535 2636 708 2696 ἀποθανοῦσι
729 2636 851 2696 δὲτάδε·
874 2640 916 2696 ἶπ-

119 2725 183 2786 πέες
203 2725 442 2804 περιαγγέλλουσι
461 2725 494 2784 τό
517 2724 631 2805 γεγονός
655 2724 725 2784 κατοὶ
748 2728 843 2784 πᾶσαν
865 2723 917 2799 τήν

118 2810 288 2886 Λακωνικήν·
310 2811 380 2871 κατὰ
400 2812 429 2870 δὲ
445 2812 498 2887 τήν
517 2811 601 2872 πόλιν
619 2817 743 2893 γυναῖκες
757 2801 940 2889 περιῖοΰσαιο

118 2901 230 2975 λέβητα
243 2900 398 2976 κροτέουσι·
420 2899 504 2960 ε’πεόν
517 2898 554 2959 ὧν
567 2904 650 2960 τοῦτο
665 2900 779 2980 γένηται
796 2903 915 2970 τοιοῦτο,

111 2988 224 3068 α’νᾶγκη
243 2988 276 3058 ἐξ
289 2988 377 3064 οἰκίης
394 2986 514 3064 ε’κόστης
532 2988 692 3064 ἐλευθέρους
705 2986 754 3047 δύο
773 2988 917 3063 καταμιαί-

95 3076 208 3144 νεσθαι,
221 3075 313 3155 ἄνδρα
329 3078 424 3139 τεκαὶ
437 3079 567 3161 γυναῖκα·
592 3074 630 3154 μὴ
644 3074 830 3151 ποιήσασιδὶ
840 3078 923 3132 τοῖσι)

78 3155 184 3230 ἷνμῖαι
198 3166 342 3248 μεγάλαι
360 3169 527 3229 ἐπικέαται·
549 3164 642 3244 νόμος
663 3163 696 3222 δῖ
712 3163 794 3220 τοῖσι
809 3158 941 3215 Μλῑδω·

58 3248 206 3309 μονῖοιπ
235 3257 320 3318 κατᾶ
344 3264 408 3321 τῶν
432 3257 603 3339 βασιλέων
629 3251 702 3314 τοὺς
731 3243 875 3318 θανὰῗῦδδ
896 3239 958 3294 ’(σῇ
