<?xml version="1.0" encoding="UTF-8"?>
<!DOCTYPE html PUBLIC "-//W3C//DTD XHTML 1.0 Transitional//EN"
    "http://www.w3.org/TR/xhtml1/DTD/xhtml1-transitional.dtd">
<html xmlns="http://www.w3.org/1999/xhtml" xml:lang="en" lang="en">
 <head>
  <title>
</title>
<meta http-equiv="Content-Type" content="text/html;charset=utf-8" />
  <meta name='ocr-system' content='tesseract 3.04.00' />
  <meta name='ocr-capabilities' content='ocr_page ocr_carea ocr_par ocr_line ocrx_word'/>
</head>
<body>
  <div class='ocr_page' id='page_1' title='image "./recensuitjoseph01herogoog/recensuitjoseph01herogoog_0266.png"; bbox 0 0 2024 3450; ppageno 0'>
   <div class='ocr_carea' id='block_1_1' title="bbox 11 114 970 3350">
    <p class='ocr_par' dir='ltr' id='par_1_1' title="bbox 11 114 887 886">
     <span class='ocr_line' id='line_1_1' title="bbox 88 114 885 181; baseline 0.001 -12"><span class='ocrx_word' id='word_1_1' title='bbox 88 117 197 181; x_wconf 70' lang='grc' dir='ltr'>ιιι-οι]</span> <span class='ocrx_word' id='word_1_2' title='bbox 405 116 577 168; x_wconf 69' lang='lat' dir='ltr'>omum.-</span> <span class='ocrx_word' id='word_1_3' title='bbox 837 114 885 170; x_wconf 71' lang='grc' dir='ltr'>ιιι</span> 
     </span>
     <span class='ocr_line' id='line_1_2' title="bbox 87 193 886 274; baseline -0.011 -15"><span class='ocrx_word' id='word_1_4' title='bbox 87 198 137 258; x_wconf 90' lang='grc' dir='ltr'>τόν</span> <span class='ocrx_word' id='word_1_5' title='bbox 150 224 180 256; x_wconf 93' lang='grc' dir='ltr'>τε</span> <span class='ocrx_word' id='word_1_6' title='bbox 193 196 284 257; x_wconf 76' lang='grc' dir='ltr'>ἄλλον</span> <span class='ocrx_word' id='word_1_7' title='bbox 296 195 388 258; x_wconf 90' lang='grc' dir='ltr'>πάντα</span> <span class='ocrx_word' id='word_1_8' title='bbox 404 196 454 258; x_wconf 80' lang='grc' dir='ltr'>τόν</span> <span class='ocrx_word' id='word_1_9' title='bbox 470 196 600 273; x_wconf 74' lang='grc' dir='ltr'>περὶτῆς</span> <span class='ocrx_word' id='word_1_10' title='bbox 615 193 769 274; x_wconf 82' lang='grc' dir='ltr'>ναυμαχίης</span> <span class='ocrx_word' id='word_1_11' title='bbox 784 194 886 270; x_wconf 77' lang='grc' dir='ltr'>ταύτης</span> 
     </span>
     <span class='ocr_line' id='line_1_3' title="bbox 89 281 886 362; baseline -0.004 -17"><span class='ocrx_word' id='word_1_12' title='bbox 89 286 232 362; x_wconf 72' lang='grc' dir='ltr'>εἰρημένον</span> <span class='ocrx_word' id='word_1_13' title='bbox 246 284 345 343; x_wconf 77' lang='grc' dir='ltr'>Βάκιδι</span> <span class='ocrx_word' id='word_1_14' title='bbox 361 284 408 344; x_wconf 87' lang='grc' dir='ltr'>καὶ</span> <span class='ocrx_word' id='word_1_15' title='bbox 423 283 569 362; x_wconf 82' lang='grc' dir='ltr'>Μουσαίῳ,</span> <span class='ocrx_word' id='word_1_16' title='bbox 588 282 635 342; x_wconf 86' lang='grc' dir='ltr'>καὶ</span> <span class='ocrx_word' id='word_1_17' title='bbox 651 282 685 357; x_wconf 87' lang='grc' dir='ltr'>δή</span> <span class='ocrx_word' id='word_1_18' title='bbox 702 283 747 340; x_wconf 83' lang='grc' dir='ltr'>καὶ</span> <span class='ocrx_word' id='word_1_19' title='bbox 767 281 836 340; x_wconf 80' lang='grc' dir='ltr'>κατά</span> <span class='ocrx_word' id='word_1_20' title='bbox 850 282 886 342; x_wconf 80' lang='grc' dir='ltr'>τά</span> 
     </span>
     <span class='ocr_line' id='line_1_4' title="bbox 11 368 887 455; baseline -0.005 -21"><span class='ocrx_word' id='word_1_21' title='bbox 11 405 14 409; x_wconf 63' lang='grc'>’</span> <span class='ocrx_word' id='word_1_22' title='bbox 89 373 206 455; x_wconf 80' lang='grc' dir='ltr'>ναυήγια</span> <span class='ocrx_word' id='word_1_23' title='bbox 228 372 264 433; x_wconf 81' lang='grc' dir='ltr'>τά</span> <span class='ocrx_word' id='word_1_24' title='bbox 283 372 369 450; x_wconf 78' lang='grc' dir='ltr'>ταύτῃ</span> <span class='ocrx_word' id='word_1_25' title='bbox 390 371 576 451; x_wconf 73' lang='grc' dir='ltr'>ἐξενειχθέντα</span> <span class='ocrx_word' id='word_1_26' title='bbox 594 368 628 432; x_wconf 80' lang='grc' dir='ltr'>τό</span> <span class='ocrx_word' id='word_1_27' title='bbox 649 371 791 448; x_wconf 79' lang='grc' dir='ltr'>εἰρημένον</span> <span class='ocrx_word' id='word_1_28' title='bbox 817 374 887 430; x_wconf 89' lang='grc' dir='ltr'>πολ·</span> 
     </span>
     <span class='ocr_line' id='line_1_5' title="bbox 88 456 887 538; baseline -0.004 -17"><span class='ocrx_word' id='word_1_29' title='bbox 88 464 168 521; x_wconf 83' lang='grc' dir='ltr'>λοῖσι</span> <span class='ocrx_word' id='word_1_30' title='bbox 178 463 253 522; x_wconf 87' lang='grc' dir='ltr'>ἐτεσι</span> <span class='ocrx_word' id='word_1_31' title='bbox 265 459 402 537; x_wconf 85' lang='grc' dir='ltr'>πρότερον</span> <span class='ocrx_word' id='word_1_32' title='bbox 414 458 517 520; x_wconf 89' lang='grc' dir='ltr'>τούτων</span> <span class='ocrx_word' id='word_1_33' title='bbox 529 463 559 518; x_wconf 90' lang='grc' dir='ltr'>ἐν</span> <span class='ocrx_word' id='word_1_34' title='bbox 570 461 691 537; x_wconf 74' lang='grc' dir='ltr'>χρησμῷ</span> <span class='ocrx_word' id='word_1_35' title='bbox 700 456 887 538; x_wconf 79' lang='grc' dir='ltr'>Λυσιστράτῳ</span> 
     </span>
     <span class='ocr_line' id='line_1_6' title="bbox 89 544 887 629; baseline -0.003 -21"><span class='ocrx_word' id='word_1_36' title='bbox 89 550 234 629; x_wconf 76' lang='grc' dir='ltr'>Ἀθηναίῳ,</span> <span class='ocrx_word' id='word_1_37' title='bbox 255 547 334 625; x_wconf 85' lang='grc' dir='ltr'>άνδρὶ</span> <span class='ocrx_word' id='word_1_38' title='bbox 353 546 551 627; x_wconf 73' lang='grc' dir='ltr'>χρησμολόγῳ,</span> <span class='ocrx_word' id='word_1_39' title='bbox 572 545 605 607; x_wconf 79' lang='grc' dir='ltr'>τό</span> <span class='ocrx_word' id='word_1_40' title='bbox 626 544 758 620; x_wconf 76' lang='grc' dir='ltr'>ἐλελήθεε</span> <span class='ocrx_word' id='word_1_41' title='bbox 781 545 887 611; x_wconf 81' lang='grc' dir='ltr'>πάντας</span> 
     </span>
     <span class='ocr_line' id='line_1_7' title="bbox 87 634 313 712; baseline 0.004 -15"><span class='ocrx_word' id='word_1_42' title='bbox 87 634 152 700; x_wconf 78' lang='grc' dir='ltr'>τούς</span> <span class='ocrx_word' id='word_1_43' title='bbox 160 637 313 712; x_wconf 81' lang='grc' dir='ltr'>Ἕλληνας·</span> 
     </span>
     <span class='ocr_line' id='line_1_8' title="bbox 204 727 852 794; baseline -0.005 -14"><span class='ocrx_word' id='word_1_44' title='bbox 204 733 328 781; x_wconf 75' lang='grc' dir='ltr'>Κωλιάδες</span> <span class='ocrx_word' id='word_1_45' title='bbox 345 732 370 780; x_wconf 83' lang='grc' dir='ltr'>δέ</span> <span class='ocrx_word' id='word_1_46' title='bbox 386 733 494 793; x_wconf 79' lang='grc' dir='ltr'>γυναῖκες</span> <span class='ocrx_word' id='word_1_47' title='bbox 511 732 631 794; x_wconf 76' lang='grc' dir='ltr'>ἐρετμοῖσι</span> <span class='ocrx_word' id='word_1_48' title='bbox 647 733 768 793; x_wconf 73' lang='grc' dir='ltr'>φρύξουσι,</span> <span class='ocrx_word' id='word_1_49' title='bbox 845 727 852 741; x_wconf 87' lang='grc'><strong>”</strong></span> 
     </span>
     <span class='ocr_line' id='line_1_9' title="bbox 88 807 827 886; baseline -0.005 -15"><span class='ocrx_word' id='word_1_50' title='bbox 88 811 172 871; x_wconf 80' lang='grc' dir='ltr'>τοῦτο</span> <span class='ocrx_word' id='word_1_51' title='bbox 186 810 216 868; x_wconf 83' lang='grc' dir='ltr'>δὲ</span> <span class='ocrx_word' id='word_1_52' title='bbox 229 811 330 886; x_wconf 81' lang='grc' dir='ltr'>ἔμελλε</span> <span class='ocrx_word' id='word_1_53' title='bbox 343 807 537 873; x_wconf 73' lang='grc' dir='ltr'>ἀπελάσαντος</span> <span class='ocrx_word' id='word_1_54' title='bbox 548 810 688 885; x_wconf 82' lang='grc' dir='ltr'>βασιλέος</span> <span class='ocrx_word' id='word_1_55' title='bbox 701 809 827 870; x_wconf 79' lang='grc' dir='ltr'>ἔσεσθαι.</span> 
     </span>
    </p>

    <p class='ocr_par' dir='ltr' id='par_1_2' title="bbox 88 896 933 2111">
     <span class='ocr_line' id='line_1_10' title="bbox 131 896 933 978; baseline -0.001 -19"><span class='ocrx_word' id='word_1_56' title='bbox 131 896 235 974; x_wconf 78' lang='grc' dir='ltr'>Ξέρξης</span> <span class='ocrx_word' id='word_1_57' title='bbox 250 897 280 956; x_wconf 84' lang='grc' dir='ltr'>δέ</span> <span class='ocrx_word' id='word_1_58' title='bbox 298 896 334 961; x_wconf 78' lang='grc' dir='ltr'>ὦς</span> <span class='ocrx_word' id='word_1_59' title='bbox 351 898 436 975; x_wconf 80' lang='grc' dir='ltr'>ἔμαθε</span> <span class='ocrx_word' id='word_1_60' title='bbox 453 897 486 959; x_wconf 78' lang='grc' dir='ltr'>τό</span> <span class='ocrx_word' id='word_1_61' title='bbox 498 897 614 978; x_wconf 79' lang='grc' dir='ltr'>γεγονός</span> <span class='ocrx_word' id='word_1_62' title='bbox 627 896 724 966; x_wconf 80' lang='grc' dir='ltr'>πάθος,</span> <span class='ocrx_word' id='word_1_63' title='bbox 739 896 833 959; x_wconf 84' lang='grc' dir='ltr'>δείσας</span> <span class='ocrx_word' id='word_1_64' title='bbox 845 896 886 974; x_wconf 86' lang='grc' dir='ltr'>μή</span> <span class='ocrx_word' id='word_1_65' title='bbox 895 899 933 958; x_wconf 83' lang='grc'>97</span> 
     </span>
     <span class='ocr_line' id='line_1_11' title="bbox 88 983 887 1063; baseline -0.001 -19"><span class='ocrx_word' id='word_1_66' title='bbox 88 1008 131 1048; x_wconf 86' lang='grc' dir='ltr'>τις</span> <span class='ocrx_word' id='word_1_67' title='bbox 157 989 212 1046; x_wconf 81' lang='grc' dir='ltr'>τῶν</span> <span class='ocrx_word' id='word_1_68' title='bbox 234 984 331 1047; x_wconf 80' lang='grc' dir='ltr'>Ἰώνων</span> <span class='ocrx_word' id='word_1_69' title='bbox 353 985 491 1063; x_wconf 84' lang='grc' dir='ltr'>ύποθῆται</span> <span class='ocrx_word' id='word_1_70' title='bbox 511 989 587 1046; x_wconf 82' lang='grc' dir='ltr'>τοῖσι</span> <span class='ocrx_word' id='word_1_71' title='bbox 606 985 742 1061; x_wconf 88' lang='grc' dir='ltr'>Ἕλλησι,</span> <span class='ocrx_word' id='word_1_72' title='bbox 766 983 784 1062; x_wconf 84' lang='grc' dir='ltr'>ἦ</span> <span class='ocrx_word' id='word_1_73' title='bbox 808 984 887 1045; x_wconf 85' lang='grc' dir='ltr'>αύτοὶ</span> 
     </span>
     <span class='ocr_line' id='line_1_12' title="bbox 89 1072 886 1149; baseline 0.003 -15"><span class='ocrx_word' id='word_1_74' title='bbox 89 1072 223 1149; x_wconf 82' lang='grc' dir='ltr'>νοήσωσι,</span> <span class='ocrx_word' id='word_1_75' title='bbox 236 1075 332 1138; x_wconf 82' lang='grc' dir='ltr'>πλέειν</span> <span class='ocrx_word' id='word_1_76' title='bbox 350 1080 377 1139; x_wconf 88' lang='grc' dir='ltr'>ἐς</span> <span class='ocrx_word' id='word_1_77' title='bbox 390 1075 439 1136; x_wconf 79' lang='grc' dir='ltr'>τόν</span> <span class='ocrx_word' id='word_1_78' title='bbox 451 1074 667 1149; x_wconf 87' lang='grc' dir='ltr'>Ἑλλήσποντον</span> <span class='ocrx_word' id='word_1_79' title='bbox 683 1074 819 1137; x_wconf 85' lang='grc' dir='ltr'>λύσοντες</span> <span class='ocrx_word' id='word_1_80' title='bbox 837 1072 886 1136; x_wconf 78' lang='grc' dir='ltr'>τάς</span> 
     </span>
     <span class='ocr_line' id='line_1_13' title="bbox 88 1161 888 1243; baseline -0.004 -23"><span class='ocrx_word' id='word_1_81' title='bbox 88 1161 220 1243; x_wconf 78' lang='grc' dir='ltr'>γεφύρας,</span> <span class='ocrx_word' id='word_1_82' title='bbox 235 1164 281 1223; x_wconf 80' lang='grc' dir='ltr'>καὶ</span> <span class='ocrx_word' id='word_1_83' title='bbox 294 1162 491 1240; x_wconf 73' lang='grc' dir='ltr'>ἀπολαμφθεὶς</span> <span class='ocrx_word' id='word_1_84' title='bbox 504 1168 533 1221; x_wconf 91' lang='grc' dir='ltr'>ἐν</span> <span class='ocrx_word' id='word_1_85' title='bbox 546 1166 582 1240; x_wconf 79' lang='grc' dir='ltr'>τῇ</span> <span class='ocrx_word' id='word_1_86' title='bbox 595 1161 715 1239; x_wconf 81' lang='grc' dir='ltr'>Εύράπη</span> <span class='ocrx_word' id='word_1_87' title='bbox 728 1161 888 1220; x_wconf 78' lang='grc' dir='ltr'>ἀπολέσθαι</span> 
     </span>
     <span class='ocr_line' id='line_1_14' title="bbox 89 1247 887 1328; baseline -0.006 -19"><span class='ocrx_word' id='word_1_88' title='bbox 89 1251 264 1322; x_wconf 85' lang='grc' dir='ltr'>κινδυνεύσει,</span> <span class='ocrx_word' id='word_1_89' title='bbox 278 1251 405 1328; x_wconf 84' lang='grc' dir='ltr'>δρησμὸν</span> <span class='ocrx_word' id='word_1_90' title='bbox 421 1250 564 1327; x_wconf 79' lang='grc' dir='ltr'>ἐβούλευε·</span> <span class='ocrx_word' id='word_1_91' title='bbox 586 1250 675 1309; x_wconf 86' lang='grc' dir='ltr'>θέλων</span> <span class='ocrx_word' id='word_1_92' title='bbox 691 1249 720 1306; x_wconf 83' lang='grc' dir='ltr'>δέ</span> <span class='ocrx_word' id='word_1_93' title='bbox 737 1247 777 1322; x_wconf 84' lang='grc' dir='ltr'>μή</span> <span class='ocrx_word' id='word_1_94' title='bbox 795 1247 887 1320; x_wconf 87' lang='grc' dir='ltr'>ἐπίδη-</span> 
     </span>
     <span class='ocr_line' id='line_1_15' title="bbox 88 1332 887 1416; baseline -0.001 -20"><span class='ocrx_word' id='word_1_95' title='bbox 88 1341 139 1401; x_wconf 91' lang='grc' dir='ltr'>λος</span> <span class='ocrx_word' id='word_1_96' title='bbox 156 1339 225 1398; x_wconf 76' lang='grc' dir='ltr'>εἶναι</span> <span class='ocrx_word' id='word_1_97' title='bbox 241 1337 313 1416; x_wconf 87' lang='grc' dir='ltr'>μήτε</span> <span class='ocrx_word' id='word_1_98' title='bbox 330 1342 407 1397; x_wconf 87' lang='grc' dir='ltr'>τοῖσι</span> <span class='ocrx_word' id='word_1_99' title='bbox 414 1337 542 1411; x_wconf 86' lang='grc' dir='ltr'>Ἕλλησι</span> <span class='ocrx_word' id='word_1_100' title='bbox 559 1332 630 1411; x_wconf 80' lang='grc' dir='ltr'>μήτε</span> <span class='ocrx_word' id='word_1_101' title='bbox 647 1338 723 1393; x_wconf 80' lang='grc' dir='ltr'>τοῖσι</span> <span class='ocrx_word' id='word_1_102' title='bbox 736 1336 844 1401; x_wconf 80' lang='grc' dir='ltr'>ἑωυτοῦ,</span> <span class='ocrx_word' id='word_1_103' title='bbox 859 1337 887 1395; x_wconf 86' lang='grc' dir='ltr'>ἐς</span> 
     </span>
     <span class='ocr_line' id='line_1_16' title="bbox 88 1419 932 1502; baseline -0.007 -18"><span class='ocrx_word' id='word_1_104' title='bbox 88 1425 140 1499; x_wconf 79' lang='grc' dir='ltr'>τήν</span> <span class='ocrx_word' id='word_1_105' title='bbox 159 1427 307 1500; x_wconf 81' lang='grc' dir='ltr'>Σαλαμῖνα</span> <span class='ocrx_word' id='word_1_106' title='bbox 324 1428 406 1502; x_wconf 78' lang='grc' dir='ltr'>χῶμα</span> <span class='ocrx_word' id='word_1_107' title='bbox 427 1427 554 1499; x_wconf 84' lang='grc' dir='ltr'>ἐπειρᾶτο</span> <span class='ocrx_word' id='word_1_108' title='bbox 574 1422 697 1499; x_wconf 83' lang='grc' dir='ltr'>διαχοῦν·</span> <span class='ocrx_word' id='word_1_109' title='bbox 721 1419 842 1501; x_wconf 89' lang='grc' dir='ltr'>γαυλούς</span> <span class='ocrx_word' id='word_1_110' title='bbox 856 1445 887 1479; x_wconf 89' lang='grc' dir='ltr'>τε</span> <span class='ocrx_word' id='word_1_111' title='bbox 928 1470 932 1477; x_wconf 90' lang='grc'><em>.</em></span> 
     </span>
     <span class='ocr_line' id='line_1_17' title="bbox 89 1506 887 1585; baseline -0.005 -17"><span class='ocrx_word' id='word_1_112' title='bbox 89 1511 261 1585; x_wconf 83' lang='grc' dir='ltr'>Φοινικηίους</span> <span class='ocrx_word' id='word_1_113' title='bbox 281 1511 400 1579; x_wconf 84' lang='grc' dir='ltr'>συνέδεε,</span> <span class='ocrx_word' id='word_1_114' title='bbox 423 1510 467 1568; x_wconf 85' lang='grc' dir='ltr'>ἶνα</span> <span class='ocrx_word' id='word_1_115' title='bbox 488 1507 552 1568; x_wconf 84' lang='grc' dir='ltr'>άντί</span> <span class='ocrx_word' id='word_1_116' title='bbox 569 1533 600 1566; x_wconf 92' lang='grc' dir='ltr'>τε</span> <span class='ocrx_word' id='word_1_117' title='bbox 622 1507 735 1585; x_wconf 85' lang='grc' dir='ltr'>σχεδίης</span> <span class='ocrx_word' id='word_1_118' title='bbox 757 1509 823 1566; x_wconf 81' lang='grc' dir='ltr'>ἔωσι</span> <span class='ocrx_word' id='word_1_119' title='bbox 841 1506 887 1565; x_wconf 83' lang='grc' dir='ltr'>καὶ</span> 
     </span>
     <span class='ocr_line' id='line_1_18' title="bbox 89 1593 886 1674; baseline -0.004 -18"><span class='ocrx_word' id='word_1_120' title='bbox 89 1597 205 1674; x_wconf 87' lang='grc' dir='ltr'>τείχεος·</span> <span class='ocrx_word' id='word_1_121' title='bbox 232 1595 344 1673; x_wconf 84' lang='grc' dir='ltr'>άρτέετό</span> <span class='ocrx_word' id='word_1_122' title='bbox 360 1621 391 1657; x_wconf 92' lang='grc' dir='ltr'>τε</span> <span class='ocrx_word' id='word_1_123' title='bbox 407 1601 434 1658; x_wconf 84' lang='grc' dir='ltr'>ἐς</span> <span class='ocrx_word' id='word_1_124' title='bbox 454 1595 587 1672; x_wconf 85' lang='grc' dir='ltr'>πόλεμον,</span> <span class='ocrx_word' id='word_1_125' title='bbox 608 1594 643 1659; x_wconf 75' lang='grc' dir='ltr'>ὥς</span> <span class='ocrx_word' id='word_1_126' title='bbox 662 1595 816 1673; x_wconf 88' lang='grc' dir='ltr'>ναυμαχίην</span> <span class='ocrx_word' id='word_1_127' title='bbox 836 1593 886 1653; x_wconf 85' lang='grc' dir='ltr'>άλ-</span> 
     </span>
     <span class='ocr_line' id='line_1_19' title="bbox 90 1680 887 1760; baseline 0 -18"><span class='ocrx_word' id='word_1_128' title='bbox 90 1686 145 1759; x_wconf 90' lang='grc' dir='ltr'>λην</span> <span class='ocrx_word' id='word_1_129' title='bbox 159 1683 356 1760; x_wconf 87' lang='grc' dir='ltr'>ποιησόμενος.</span> <span class='ocrx_word' id='word_1_130' title='bbox 383 1682 508 1760; x_wconf 79' lang='grc' dir='ltr'>ὁρέοντες</span> <span class='ocrx_word' id='word_1_131' title='bbox 527 1682 558 1742; x_wconf 88' lang='grc' dir='ltr'>δέ</span> <span class='ocrx_word' id='word_1_132' title='bbox 574 1709 622 1760; x_wconf 92' lang='grc' dir='ltr'>μιν</span> <span class='ocrx_word' id='word_1_133' title='bbox 640 1682 741 1746; x_wconf 90' lang='grc' dir='ltr'>πάντες</span> <span class='ocrx_word' id='word_1_134' title='bbox 759 1685 785 1742; x_wconf 82' lang='grc' dir='ltr'>οἱ</span> <span class='ocrx_word' id='word_1_135' title='bbox 801 1680 887 1748; x_wconf 73' lang='grc' dir='ltr'>ἄλλοι</span> 
     </span>
     <span class='ocr_line' id='line_1_20' title="bbox 89 1768 886 1847; baseline -0.004 -15"><span class='ocrx_word' id='word_1_136' title='bbox 89 1775 179 1832; x_wconf 80' lang='grc' dir='ltr'>ταῦτα</span> <span class='ocrx_word' id='word_1_137' title='bbox 198 1770 373 1847; x_wconf 88' lang='grc' dir='ltr'>πρήσσοντα,</span> <span class='ocrx_word' id='word_1_138' title='bbox 389 1769 417 1830; x_wconf 81' lang='grc' dir='ltr'>εὖ</span> <span class='ocrx_word' id='word_1_139' title='bbox 435 1772 582 1830; x_wconf 81' lang='grc' dir='ltr'>ἐπιστέατο</span> <span class='ocrx_word' id='word_1_140' title='bbox 601 1769 637 1834; x_wconf 80' lang='grc' dir='ltr'>ὦς</span> <span class='ocrx_word' id='word_1_141' title='bbox 654 1776 683 1830; x_wconf 93' lang='grc' dir='ltr'>ἐκ</span> <span class='ocrx_word' id='word_1_142' title='bbox 700 1769 803 1834; x_wconf 79' lang='grc' dir='ltr'>παντός</span> <span class='ocrx_word' id='word_1_143' title='bbox 821 1768 886 1830; x_wconf 86' lang='grc' dir='ltr'>νόου</span> 
     </span>
     <span class='ocr_line' id='line_1_21' title="bbox 90 1857 886 1937; baseline -0.003 -18"><span class='ocrx_word' id='word_1_144' title='bbox 90 1861 318 1937; x_wconf 88' lang='grc' dir='ltr'>παρεσκεύασται</span> <span class='ocrx_word' id='word_1_145' title='bbox 344 1861 432 1935; x_wconf 88' lang='grc' dir='ltr'>μένων</span> <span class='ocrx_word' id='word_1_146' title='bbox 460 1857 643 1935; x_wconf 90' lang='grc' dir='ltr'>πολεμήσειν·</span> <span class='ocrx_word' id='word_1_147' title='bbox 677 1857 837 1935; x_wconf 91' lang='grc' dir='ltr'>Μαρδόνιον</span> <span class='ocrx_word' id='word_1_148' title='bbox 863 1857 886 1917; x_wconf 90' lang='grc' dir='ltr'>δ’</span> 
     </span>
     <span class='ocr_line' id='line_1_22' title="bbox 90 1945 888 2024; baseline -0.004 -17"><span class='ocrx_word' id='word_1_149' title='bbox 90 1947 168 2008; x_wconf 87' lang='grc' dir='ltr'>ούδέν</span> <span class='ocrx_word' id='word_1_150' title='bbox 184 1947 288 2009; x_wconf 89' lang='grc' dir='ltr'>τούτων</span> <span class='ocrx_word' id='word_1_151' title='bbox 304 1947 444 2018; x_wconf 89' lang='grc' dir='ltr'>ἐλάνθανε,</span> <span class='ocrx_word' id='word_1_152' title='bbox 459 1947 494 2010; x_wconf 68' lang='grc' dir='ltr'>οἷς</span> <span class='ocrx_word' id='word_1_153' title='bbox 510 1946 637 2022; x_wconf 87' lang='grc' dir='ltr'>μάλιστα</span> <span class='ocrx_word' id='word_1_154' title='bbox 657 1949 787 2024; x_wconf 80' lang='grc' dir='ltr'>ἔμπειρον</span> <span class='ocrx_word' id='word_1_155' title='bbox 807 1945 888 2005; x_wconf 89' lang='grc' dir='ltr'>ἐόντα</span> 
     </span>
     <span class='ocr_line' id='line_1_23' title="bbox 89 2036 399 2111; baseline -0.013 -13"><span class='ocrx_word' id='word_1_156' title='bbox 89 2040 140 2111; x_wconf 82' lang='grc' dir='ltr'>τῆς</span> <span class='ocrx_word' id='word_1_157' title='bbox 154 2037 256 2096; x_wconf 88' lang='grc' dir='ltr'>ἐκείνου</span> <span class='ocrx_word' id='word_1_158' title='bbox 270 2036 399 2111; x_wconf 85' lang='grc' dir='ltr'>διανοίης.</span> 
     </span>
    </p>

    <p class='ocr_par' dir='ltr' id='par_1_3' title="bbox 89 2122 951 2471">
     <span class='ocr_line' id='line_1_24' title="bbox 130 2122 951 2201; baseline 0 -19"><span class='ocrx_word' id='word_1_159' title='bbox 130 2123 223 2184; x_wconf 84' lang='grc' dir='ltr'>Ταῦτά</span> <span class='ocrx_word' id='word_1_160' title='bbox 249 2150 279 2184; x_wconf 95' lang='grc' dir='ltr'>τε</span> <span class='ocrx_word' id='word_1_161' title='bbox 306 2123 365 2201; x_wconf 83' lang='grc' dir='ltr'>ἅμα</span> <span class='ocrx_word' id='word_1_162' title='bbox 390 2123 496 2201; x_wconf 81' lang='grc' dir='ltr'>Ξέρξης</span> <span class='ocrx_word' id='word_1_163' title='bbox 522 2123 620 2195; x_wconf 88' lang='grc' dir='ltr'>ἐποίεε,</span> <span class='ocrx_word' id='word_1_164' title='bbox 648 2123 694 2180; x_wconf 80' lang='grc' dir='ltr'>καὶ</span> <span class='ocrx_word' id='word_1_165' title='bbox 726 2123 831 2199; x_wconf 82' lang='grc' dir='ltr'>ἔπεμπε</span> <span class='ocrx_word' id='word_1_166' title='bbox 860 2126 887 2183; x_wconf 91' lang='grc' dir='ltr'>ἐς</span> <span class='ocrx_word' id='word_1_167' title='bbox 896 2122 951 2182; x_wconf 78' lang='grc'>98,</span> 
     </span>
     <span class='ocr_line' id='line_1_25' title="bbox 90 2207 887 2295; baseline -0.006 -23"><span class='ocrx_word' id='word_1_168' title='bbox 90 2215 205 2290; x_wconf 83' lang='grc' dir='ltr'>Πέρσας</span> <span class='ocrx_word' id='word_1_169' title='bbox 223 2212 394 2295; x_wconf 78' lang='grc' dir='ltr'>ἀγγελέοντα</span> <span class='ocrx_word' id='word_1_170' title='bbox 409 2210 461 2287; x_wconf 81' lang='grc' dir='ltr'>τήν</span> <span class='ocrx_word' id='word_1_171' title='bbox 478 2209 639 2288; x_wconf 83' lang='grc' dir='ltr'>παρεοῦσάν</span> <span class='ocrx_word' id='word_1_172' title='bbox 655 2216 711 2285; x_wconf 86' lang='grc' dir='ltr'>σφι</span> <span class='ocrx_word' id='word_1_173' title='bbox 727 2207 887 2286; x_wconf 89' lang='grc' dir='ltr'>συμφορήν.</span> 
     </span>
     <span class='ocr_line' id='line_1_26' title="bbox 89 2296 888 2382; baseline -0.008 -20"><span class='ocrx_word' id='word_1_174' title='bbox 89 2302 191 2362; x_wconf 90' lang='grc' dir='ltr'>τούτων</span> <span class='ocrx_word' id='word_1_175' title='bbox 218 2301 248 2361; x_wconf 87' lang='grc' dir='ltr'>δέ</span> <span class='ocrx_word' id='word_1_176' title='bbox 274 2306 328 2362; x_wconf 79' lang='grc' dir='ltr'>τῶν</span> <span class='ocrx_word' id='word_1_177' title='bbox 355 2299 483 2382; x_wconf 79' lang='grc' dir='ltr'>ἀγγέλων</span> <span class='ocrx_word' id='word_1_178' title='bbox 504 2301 565 2359; x_wconf 86' lang='grc' dir='ltr'>ἐστι</span> <span class='ocrx_word' id='word_1_179' title='bbox 586 2297 665 2382; x_wconf 79' lang='grc' dir='ltr'>οὐδὲν</span> <span class='ocrx_word' id='word_1_180' title='bbox 688 2296 704 2357; x_wconf 86' lang='grc' dir='ltr'>ὅ</span> <span class='ocrx_word' id='word_1_181' title='bbox 727 2323 754 2358; x_wconf 91' lang='grc' dir='ltr'>τι</span> <span class='ocrx_word' id='word_1_182' title='bbox 776 2296 888 2357; x_wconf 90' lang='grc' dir='ltr'>θάσσον</span> 
     </span>
     <span class='ocr_line' id='line_1_27' title="bbox 89 2384 887 2471; baseline -0.003 -25"><span class='ocrx_word' id='word_1_183' title='bbox 89 2391 270 2471; x_wconf 88' lang='grc' dir='ltr'>παραγίνεται</span> <span class='ocrx_word' id='word_1_184' title='bbox 288 2388 388 2465; x_wconf 82' lang='grc' dir='ltr'>θνητόν</span> <span class='ocrx_word' id='word_1_185' title='bbox 406 2388 460 2448; x_wconf 90' lang='grc' dir='ltr'>ἐόν·</span> <span class='ocrx_word' id='word_1_186' title='bbox 482 2387 553 2449; x_wconf 77' lang='grc' dir='ltr'>οὕτω</span> <span class='ocrx_word' id='word_1_187' title='bbox 569 2390 646 2448; x_wconf 83' lang='grc' dir='ltr'>τοῖσι</span> <span class='ocrx_word' id='word_1_188' title='bbox 665 2386 797 2464; x_wconf 85' lang='grc' dir='ltr'>Πέρσησι</span> <span class='ocrx_word' id='word_1_189' title='bbox 815 2384 887 2455; x_wconf 81' lang='grc' dir='ltr'>ἐξεύ-</span> 
     </span>
    </p>

    <p class='ocr_par' dir='ltr' id='par_1_4' title="bbox 48 2471 970 3350">
     <span class='ocr_line' id='line_1_28' title="bbox 48 2471 888 2556; baseline -0.006 -20"><span class='ocrx_word' id='word_1_190' title='bbox 48 2472 51 2478; x_wconf 58' lang='grc'><strong>’</strong></span> <span class='ocrx_word' id='word_1_191' title='bbox 89 2503 171 2553; x_wconf 91' lang='grc' dir='ltr'>ρηται</span> <span class='ocrx_word' id='word_1_192' title='bbox 190 2481 283 2537; x_wconf 81' lang='grc' dir='ltr'>τοῦτο.</span> <span class='ocrx_word' id='word_1_193' title='bbox 324 2478 442 2556; x_wconf 89' lang='grc' dir='ltr'>λέγουσι</span> <span class='ocrx_word' id='word_1_194' title='bbox 456 2475 519 2556; x_wconf 75' lang='grc' dir='ltr'>γὰρ,</span> <span class='ocrx_word' id='word_1_195' title='bbox 539 2474 574 2538; x_wconf 80' lang='grc' dir='ltr'>ὦς</span> <span class='ocrx_word' id='word_1_196' title='bbox 589 2473 663 2534; x_wconf 84' lang='grc' dir='ltr'>ὅσων</span> <span class='ocrx_word' id='word_1_197' title='bbox 679 2471 714 2533; x_wconf 81' lang='grc' dir='ltr'>ἂν</span> <span class='ocrx_word' id='word_1_198' title='bbox 730 2472 749 2552; x_wconf 83' lang='grc' dir='ltr'><strong><em>ᾖ</em></strong></span> <span class='ocrx_word' id='word_1_199' title='bbox 765 2472 888 2550; x_wconf 81' lang='grc' dir='ltr'>ἡμερέων</span> 
     </span>
     <span class='ocr_line' id='line_1_29' title="bbox 90 2559 887 2639; baseline -0.004 -17"><span class='ocrx_word' id='word_1_200' title='bbox 90 2563 109 2639; x_wconf 86' lang='grc' dir='ltr'>ή</span> <span class='ocrx_word' id='word_1_201' title='bbox 122 2568 203 2623; x_wconf 82' lang='grc' dir='ltr'>πᾶσα</span> <span class='ocrx_word' id='word_1_202' title='bbox 216 2563 288 2632; x_wconf 79' lang='grc' dir='ltr'>ὁδός,</span> <span class='ocrx_word' id='word_1_203' title='bbox 301 2567 433 2624; x_wconf 82' lang='grc' dir='ltr'>τοσοῦτοι</span> <span class='ocrx_word' id='word_1_204' title='bbox 447 2564 527 2622; x_wconf 86' lang='grc' dir='ltr'>ἵπποι</span> <span class='ocrx_word' id='word_1_205' title='bbox 539 2587 570 2621; x_wconf 93' lang='grc' dir='ltr'>τε</span> <span class='ocrx_word' id='word_1_206' title='bbox 583 2562 630 2621; x_wconf 85' lang='grc' dir='ltr'>καὶ</span> <span class='ocrx_word' id='word_1_207' title='bbox 643 2559 738 2639; x_wconf 83' lang='grc' dir='ltr'>ἅνδρες</span> <span class='ocrx_word' id='word_1_208' title='bbox 751 2561 887 2629; x_wconf 82' lang='grc' dir='ltr'>διεστᾶσι,</span> 
     </span>
     <span class='ocr_line' id='line_1_30' title="bbox 91 2648 887 2729; baseline -0.005 -18"><span class='ocrx_word' id='word_1_209' title='bbox 91 2652 162 2711; x_wconf 80' lang='grc' dir='ltr'>κατά</span> <span class='ocrx_word' id='word_1_210' title='bbox 181 2651 337 2729; x_wconf 78' lang='grc' dir='ltr'>ἡμερησίην</span> <span class='ocrx_word' id='word_1_211' title='bbox 360 2649 425 2710; x_wconf 83' lang='grc' dir='ltr'>ὁδόν</span> <span class='ocrx_word' id='word_1_212' title='bbox 448 2648 567 2725; x_wconf 81' lang='grc' dir='ltr'>ἑκάστην</span> <span class='ocrx_word' id='word_1_213' title='bbox 590 2649 674 2712; x_wconf 80' lang='grc' dir='ltr'>ἵππος</span> <span class='ocrx_word' id='word_1_214' title='bbox 694 2675 725 2710; x_wconf 90' lang='grc' dir='ltr'>τε</span> <span class='ocrx_word' id='word_1_215' title='bbox 748 2650 794 2708; x_wconf 85' lang='grc' dir='ltr'>καὶ</span> <span class='ocrx_word' id='word_1_216' title='bbox 818 2648 887 2724; x_wconf 83' lang='grc' dir='ltr'>οἷνήρ</span> 
     </span>
     <span class='ocr_line' id='line_1_31' title="bbox 89 2735 888 2822; baseline -0.008 -22"><span class='ocrx_word' id='word_1_217' title='bbox 89 2740 266 2822; x_wconf 90' lang='grc' dir='ltr'>τεταγμένος·</span> <span class='ocrx_word' id='word_1_218' title='bbox 299 2737 364 2801; x_wconf 79' lang='grc' dir='ltr'>τούς</span> <span class='ocrx_word' id='word_1_219' title='bbox 391 2737 453 2797; x_wconf 83' lang='grc' dir='ltr'>ούτε</span> <span class='ocrx_word' id='word_1_220' title='bbox 480 2737 599 2814; x_wconf 80' lang='grc' dir='ltr'>νιφετός,</span> <span class='ocrx_word' id='word_1_221' title='bbox 628 2735 677 2797; x_wconf 89' lang='grc' dir='ltr'>ούκ</span> <span class='ocrx_word' id='word_1_222' title='bbox 709 2735 825 2815; x_wconf 84' lang='grc' dir='ltr'>ὄμβρος,</span> <span class='ocrx_word' id='word_1_223' title='bbox 856 2736 888 2795; x_wconf 86' lang='grc' dir='ltr'>ού</span> 
     </span>
     <span class='ocr_line' id='line_1_32' title="bbox 90 2822 887 2908; baseline -0.011 -19"><span class='ocrx_word' id='word_1_224' title='bbox 90 2833 191 2908; x_wconf 84' lang='grc' dir='ltr'>καῦμα,</span> <span class='ocrx_word' id='word_1_225' title='bbox 211 2828 244 2889; x_wconf 84' lang='grc' dir='ltr'>ού</span> <span class='ocrx_word' id='word_1_226' title='bbox 264 2827 315 2898; x_wconf 83' lang='grc' dir='ltr'>νύξ</span> <span class='ocrx_word' id='word_1_227' title='bbox 334 2826 421 2908; x_wconf 88' lang='grc' dir='ltr'>ἐέργει</span> <span class='ocrx_word' id='word_1_228' title='bbox 436 2824 476 2904; x_wconf 84' lang='grc' dir='ltr'>μή</span> <span class='ocrx_word' id='word_1_229' title='bbox 493 2825 526 2885; x_wconf 87' lang='grc' dir='ltr'>ού</span> <span class='ocrx_word' id='word_1_230' title='bbox 543 2825 695 2886; x_wconf 88' lang='grc' dir='ltr'>κατανύσαι</span> <span class='ocrx_word' id='word_1_231' title='bbox 712 2824 761 2884; x_wconf 79' lang='grc' dir='ltr'>τόν</span> <span class='ocrx_word' id='word_1_232' title='bbox 778 2822 887 2899; x_wconf 87' lang='grc' dir='ltr'>προκεί-</span> 
     </span>
     <span class='ocr_line' id='line_1_33' title="bbox 90 2910 888 2996; baseline -0.009 -17"><span class='ocrx_word' id='word_1_233' title='bbox 90 2942 174 2992; x_wconf 89' lang='grc' dir='ltr'>μενον</span> <span class='ocrx_word' id='word_1_234' title='bbox 187 2921 277 2996; x_wconf 77' lang='grc' dir='ltr'>ἑωυτῷ</span> <span class='ocrx_word' id='word_1_235' title='bbox 289 2914 393 2993; x_wconf 88' lang='grc' dir='ltr'>δρόμον</span> <span class='ocrx_word' id='word_1_236' title='bbox 401 2913 453 2989; x_wconf 82' lang='grc' dir='ltr'>τήν</span> <span class='ocrx_word' id='word_1_237' title='bbox 462 2913 609 2993; x_wconf 83' lang='grc' dir='ltr'>ταχίστην.</span> <span class='ocrx_word' id='word_1_238' title='bbox 639 2912 655 2973; x_wconf 82' lang='grc' dir='ltr'>ὁ</span> <span class='ocrx_word' id='word_1_239' title='bbox 668 2914 719 2988; x_wconf 83' lang='grc' dir='ltr'>μὲν</span> <span class='ocrx_word' id='word_1_240' title='bbox 732 2910 766 2985; x_wconf 79' lang='grc' dir='ltr'>δή</span> <span class='ocrx_word' id='word_1_241' title='bbox 780 2913 888 2986; x_wconf 78' lang='grc' dir='ltr'>πρῶτος</span> 
     </span>
     <span class='ocr_line' id='line_1_34' title="bbox 91 2995 889 3084; baseline -0.011 -21"><span class='ocrx_word' id='word_1_242' title='bbox 91 3004 201 3081; x_wconf 79' lang='grc' dir='ltr'>δραμιδν</span> <span class='ocrx_word' id='word_1_243' title='bbox 219 3004 367 3084; x_wconf 85' lang='grc' dir='ltr'>παραδιδοῖ</span> <span class='ocrx_word' id='word_1_244' title='bbox 380 3002 416 3064; x_wconf 75' lang='grc' dir='ltr'>τά</span> <span class='ocrx_word' id='word_1_245' title='bbox 436 3003 621 3079; x_wconf 80' lang='grc' dir='ltr'>ἐντεταλμένα</span> <span class='ocrx_word' id='word_1_246' title='bbox 638 3004 676 3077; x_wconf 80' lang='grc' dir='ltr'>τῷ</span> <span class='ocrx_word' id='word_1_247' title='bbox 693 2998 815 3075; x_wconf 84' lang='grc' dir='ltr'>δευτέρῳ,</span> <span class='ocrx_word' id='word_1_248' title='bbox 830 2995 846 3055; x_wconf 83' lang='grc' dir='ltr'>ό</span> <span class='ocrx_word' id='word_1_249' title='bbox 859 2995 889 3055; x_wconf 84' lang='grc' dir='ltr'>δέ</span> 
     </span>
     <span class='ocr_line' id='line_1_35' title="bbox 93 3081 908 3174; baseline -0.02 -23"><span class='ocrx_word' id='word_1_250' title='bbox 93 3091 216 3170; x_wconf 87' lang='grc' dir='ltr'>δεύτερος</span> <span class='ocrx_word' id='word_1_251' title='bbox 233 3098 271 3174; x_wconf 79' lang='grc' dir='ltr'>τῷ</span> <span class='ocrx_word' id='word_1_252' title='bbox 285 3092 378 3172; x_wconf 89' lang='grc' dir='ltr'>τρίτῳ·</span> <span class='ocrx_word' id='word_1_253' title='bbox 398 3088 431 3151; x_wconf 79' lang='grc' dir='ltr'>τό</span> <span class='ocrx_word' id='word_1_254' title='bbox 450 3091 481 3150; x_wconf 87' lang='grc' dir='ltr'>δέ</span> <span class='ocrx_word' id='word_1_255' title='bbox 500 3091 625 3150; x_wconf 69' lang='grc' dir='ltr'>ἐνθεῦτεν</span> <span class='ocrx_word' id='word_1_256' title='bbox 642 3085 701 3161; x_wconf 71' lang='grc' dir='ltr'>ἤδη</span> <span class='ocrx_word' id='word_1_257' title='bbox 718 3083 794 3141; x_wconf 68' lang='grc' dir='ltr'>κατδ</span> <span class='ocrx_word' id='word_1_258' title='bbox 809 3081 908 3136; x_wconf 47' lang='lat' dir='ltr'>{mov</span> 
     </span>
     <span class='ocr_line' id='line_1_36' title="bbox 88 3164 939 3259; baseline -0.004 -19"><span class='ocrx_word' id='word_1_259' title='bbox 88 3178 255 3258; x_wconf 67' lang='grc' dir='ltr'>ὃιεξεβχέται</span> <span class='ocrx_word' id='word_1_260' title='bbox 272 3180 499 3259; x_wconf 87' lang='grc' dir='ltr'>παραδιδόμενα,</span> <span class='ocrx_word' id='word_1_261' title='bbox 514 3172 801 3252; x_wconf 61' lang='lat' dir='ltr'>xardmp&#39;ffinm</span> <span class='ocrx_word' id='word_1_262' title='bbox 814 3164 840 3237; x_wconf 61' lang='grc' dir='ltr'><strong>ἦ</strong></span> <span class='ocrx_word' id='word_1_263' title='bbox 851 3165 939 3254; x_wconf 46' lang='lat' dir='ltr'>ms*</span> 
     </span>
     <span class='ocr_line' id='line_1_37' title="bbox 76 3254 970 3350; baseline -0.032 -10"><span class='ocrx_word' id='word_1_264' title='bbox 76 3264 254 3348; x_wconf 56' lang='grc' dir='ltr'>Ταθθφοριθι</span> <span class='ocrx_word' id='word_1_265' title='bbox 279 3267 335 3347; x_wconf 57' lang='lat' dir='ltr'>”jv</span> <span class='ocrx_word' id='word_1_266' title='bbox 356 3272 399 3350; x_wconf 59' lang='grc' dir='ltr'>τῷ</span> <span class='ocrx_word' id='word_1_267' title='bbox 418 3269 593 3348; x_wconf 53' lang='grc' dir='ltr'><strong>Ἡῲαῖσῗῳ</strong></span> <span class='ocrx_word' id='word_1_268' title='bbox 609 3257 829 3324; x_wconf 64' lang='grc' dir='ltr'>ἐπιτελέουσι·</span> <span class='ocrx_word' id='word_1_269' title='bbox 869 3254 970 3300; x_wconf 57' lang='lat' dir='ltr'>“W“</span> 
     </span>
    </p>
   </div>
   <div class='ocr_carea' id='block_1_2' title="bbox 0 0 1019 3450">
    <p class='ocr_par' dir='ltr' id='par_1_5' title="bbox 0 0 1019 3450">
     <span class='ocr_line' id='line_1_38' title="bbox 0 0 1019 3450; baseline 0 0"><span class='ocrx_word' id='word_1_270' title='bbox 0 0 1019 3450; x_wconf 95' lang='lat' dir='ltr'> </span> 
     </span>
    </p>
   </div>
  </div>
 </body>
</html>
