2024 3450
113 116 162 164 τοι
397 154 400 161 .
418 111 602 160 ·ιιι>οιοτου
838 111 918 175 [vn.

112 197 244 253 τοσοῦτοι
253 194 305 268 μὲν
312 189 462 267 Ἀρκάδων·
476 188 532 250 α’πδ
543 190 573 249 δὲ
583 189 722 267 Κορίνθου
728 190 919 268 τετρακόσιοι·

113 282 160 339 καὶ
174 280 230 339 ἀπὸ
246 283 398 342 Φλιοῦντος
415 278 561 355 διηκόσιοι·
583 278 629 336 καὶ
645 279 811 353 Μυκηναίων
830 279 919 359 ὀγδιό

113 394 206 429 κοντα.
238 366 314 428 οὗτοι
326 370 378 445 μὲν
391 367 447 428 ἀπό
462 365 683 442 Πελοποννήσου
696 370 840 443 παρῆσαν·
859 365 919 429 α’πό

113 456 144 515 δὲ
164 461 300 526 Βοιωτῶν,
322 456 465 516 Θεσπιέων
484 481 515 514 τε
536 453 697 514 ἑπτακόσιοι
717 453 763 511 καὶ
783 456 920 530 Θηβαίων

65 545 319 623 203τετρακόσιοι.
368 544 446 621 Πρός
473 542 598 603 τούτοισι
622 544 765 617 ἐπίκλητοι
789 543 920 622 ἐγένοντο

112 636 221 712 Λοκροί
240 660 271 694 τε
295 637 321 694 οἱ
342 631 501 693 Ὀπούντιοι
521 633 705 709 πανστρατιῇ,
730 630 776 689 καὶ
799 633 919 692 Φωκέων

113 724 212 801 χίλιοι.
234 722 313 782 αὐτοὶ
325 721 380 802 γάρ
399 727 491 795 σφεας
509 721 717 778 ἐπεκαλέσαντο
731 717 917 794 οἶἝλληνες,

112 811 243 890 λέγοντες
256 810 289 868 δι’
303 809 431 889 ἀγγέλων
444 807 479 872 οἷς
495 807 573 867 αύτοὶ
591 810 642 884 μὲν
655 805 748 882 ἥκοιεν
761 806 920 884 πρόδρομοι

113 901 168 956 τῶν
181 897 284 966 ἄλλων,
300 900 326 955 οἱ
340 897 370 955 δὲ
383 896 479 955 λοιποὶ
491 899 546 954 τῶν
560 893 716 973 συμμάχων
730 893 919 972 προσδόκιμοι

114 989 211 1042 πᾶσαν
222 984 275 1043 εἶεν
285 983 400 1060 ἡμέρην·
414 983 433 1057 ή
444 979 580 1043 θάλασσά
590 983 621 1040 τέ
631 988 687 1056 σφι
699 982 740 1057 ε’ίη
751 987 781 1042 έν
791 985 918 1062 φυλακῇ,

112 1069 158 1128 ὑπ’
179 1070 332 1147 Ἀθηναίων
351 1096 382 1130 τε
403 1074 595 1147 φρουρεομένη
616 1071 662 1128 καὶ
682 1070 851 1151 Αἰγινητέων
872 1074 919 1130 καὶ

112 1162 166 1219 τῶν
180 1163 207 1221 ές
221 1158 271 1219 τόν
284 1158 412 1219 ναυτικόν
426 1157 547 1235 στρατόν
561 1158 727 1236 ταχθέντων,
743 1158 791 1217 καί
805 1166 861 1234 σφι
876 1161 919 1234 εἴη

113 1247 202 1307 δεινόν
226 1246 313 1307 οὐδέν·
341 1245 373 1306 ού
396 1245 451 1327 γὰρ
474 1245 537 1306 θεὸν
561 1245 630 1305 εἶναι
657 1245 706 1306 τόν
730 1245 844 1306 ἐπιόντα
872 1250 919 1307 ε’πὶ

113 1334 165 1411 τήν
173 1336 309 1407 Ἑλλάδα,
320 1334 385 1395 ἀλλ’
396 1334 550 1413 ἄνθρωπον·
568 1334 638 1394 εἶναι
651 1334 681 1394 δὲ
695 1334 795 1410 θνητόν
809 1333 918 1407 ούδένα,

114 1423 176 1483 οὐδὲ
195 1426 319 1495 ἔσεσθαι,
333 1428 371 1504 τῷ
387 1424 472 1484 κακόν
488 1423 519 1493 ἐξ
535 1423 624 1502 ἀρχῆς
636 1423 770 1504 γινομένῳ
785 1421 817 1481 ού
837 1449 919 1482 συνε·

112 1513 211 1590 μίχθη
229 1517 306 1573 τοῖσι
320 1513 349 1572 δὲ
361 1513 524 1593 μεγίστοισι
537 1510 626 1572 αὐτῶν
638 1511 770 1592 μέγιστα·
791 1509 920 1585 ὀφείλειν

114 1598 151 1660 ὧν
169 1603 215 1660 καὶ
234 1603 285 1661 τόν
301 1601 496 1670 ἐπελαύνοντα,
516 1599 552 1663 οἷς
569 1600 650 1659 ε’όντα
669 1597 779 1675 θνητόν,
793 1598 850 1658 dard
866 1602 920 1676 τῆς

113 1687 194 1764 δόξης
208 1691 319 1749 πεσέειν
330 1688 372 1749 ἅν·
389 1692 416 1748 οἱ
429 1689 556 1748 δὲταῦτα
566 1686 769 1764 πυνθανόμενοι
780 1685 920 1763 ἐβοήθεον
987 1759 989 1762 .

114 1781 141 1838 ές
154 1776 206 1852 τήν
219 1780 354 1855 Τρηχῖνα.

65 1865 125 1921 204
166 1863 298 1922 Τούτοισι
308 1862 383 1938 ἦσαν
395 1865 448 1940 μέν
461 1889 509 1923 νυν
522 1864 568 1922 καὶ
581 1863 668 1922 ἄλλοι
681 1862 836 1943 στρατηγοὶ
846 1867 920 1925 κατὰ

52 2018 56 2024 .
112 1951 214 2015 πόλιας
235 1951 367 2016 ἑκάστων·
402 1951 418 2011 ὁ
440 1953 470 2011 δὲ
494 1951 687 2029 θωμαζόμενος
713 1951 842 2029 μάλιστα
870 1953 918 2012 καὶ

113 2039 217 2105 παντός
235 2045 286 2100 τοῦ
307 2039 516 2119 στρατεύματος
531 2039 682 2122 ἡγεόμενος
698 2038 920 2115 Λακεδαιμόνιος

112 2126 147 2202 ἦν
173 2130 311 2204 Λεωνίδης
337 2129 352 2188 ὁ
379 2128 604 2204 Ἀναξανδρίδεω,
631 2132 682 2188 τοῦ
708 2128 836 2195 Λέοντος,
865 2125 920 2187 τοῦ

113 2215 328 2293 Εὐρυκρατίδεω,
349 2221 399 2275 τοῦ
426 2215 622 2292 Ἀναξάνδρου,
643 2219 694 2275 τοῦ
717 2213 919 2291 Εὐρυκράτεος,

114 2307 163 2360 τοῦ
178 2303 358 2379 Πολυδώρου,
368 2307 418 2362 τοῦ
428 2302 624 2379 Ἀλκαμένεος,
634 2308 685 2362 τοῦ
695 2303 850 2378 Τηλέκλου,
864 2306 919 2362 τοῦ

112 2388 261 2467 Ἀρχέλεω,
280 2394 330 2448 τοῦ
342 2389 514 2469 Ἡγησίλεω,
532 2394 582 2449 τοῦ
602 2390 765 2467 Δορύσσου,
779 2393 829 2448 τοῦ
843 2397 918 2449 Λεω-

112 2476 213 2553 βότεω,
240 2480 290 2535 τοῦ
316 2475 515 2555 Ἐχεστράτου,
539 2480 591 2538 τοῦ
613 2477 724 2557 Ἤγιος,
751 2482 801 2537 τοῦ
828 2477 906 2554 Εύρυ

113 2565 234 2632 σθένεος,
254 2567 304 2623 τοῦ
320 2564 535 2645 Ἀριστοδήμου,
552 2569 603 2625 τοῦ
624 2563 844 2644 Ἀριστομάχου,
864 2569 916 2624 τοὺ

116 2652 281 2720 Κλεοδαίου,
296 2656 347 2711 τοῦ
362 2651 481 2723 Ὕλλου,
495 2656 546 2712 τοῦ
562 2652 728 2731 Ἡρακλέος,
743 2651 917 2729 κτησόμενος

66 2743 124 2800 205
133 2739 184 2816 τήν
192 2740 351 2816 βασιληίην
361 2745 391 2800 ἕν
401 2739 518 2819 Σπάρτῃ
528 2740 560 2810 ἐξ
569 2740 792 2820 ἀπροσδοκήτου.
822 2739 918 2809 Διξῶν

112 2827 167 2910 γόρ
187 2831 213 2887 οἱ
234 2827 332 2888 ε’όντων
349 2829 550 2906 πρεσβυτέρων
565 2829 718 2905 ἀδελφεῶν,
741 2827 918 2905 Κλεομένεός

112 2944 143 2977 τε
158 2918 204 2976 καὶ
218 2916 346 2993 Δωριέος,
362 2915 526 2991 ἀπελήλατο
544 2921 594 2992 τῆς
612 2917 760 2993 φροντίδος
778 2916 842 2992 περὶ
866 2921 917 2990 τῆς

114 3007 279 3084 βασιληίης·
314 3004 503 3068 ἀποθανόντος
530 3005 560 3064 δὲ
590 3007 765 3082 Κλεομένεος
799 3003 915 3066 ἄπαιδος

113 3097 225 3172 ἔρσενος
237 3093 330 3177 γόνου,
344 3094 465 3172 Δωριέος
474 3119 505 3152 τε
520 3092 611 3153 οὐκέτι
625 3094 718 3157 ἐόντος
732 3093 809 3151 οἷλλυὶ
822 3097 907 3150 τελευ-

89 3182 245 3250 τήσαντος
257 3185 307 3246 καὶ
320 3183 423 3248 τούτου
438 3189 468 3246 ἐν
478 3183 606 3264 Σικελίῃ,
617 3180 689 3242 οῗπω
697 3180 734 3254 δὴ
745 3185 773 3240 ἐς
784 3179 917 3235 λεκανίδων

182 3300 228 3336 ινε
245 3275 270 3353 η’
289 3277 456 3358 βασιληίη·
486 3274 537 3338 καὶ
555 3272 631 3334 διότι
650 3266 792 3346 πρότερος
811 3261 942 3338 ἒηεχὸνὶ(
