2024 3450
147 104 195 149 τοι
465 98 647 148 Ἦυοιοτου
871 104 947 168 [νη

148 206 228 257 τερον
240 178 342 253 ταύτης
360 181 410 254 τῆς
427 176 541 240 ἐλάσιος
556 178 677 258 ὕπαρχοι
691 184 720 239 ἐν
733 183 768 259 τῇ
782 183 889 262 Θρηίκη
903 187 949 245 καὶ

149 272 198 326 τοῦ
207 266 422 341 Ἑλλησπόντου
432 270 571 344 πανταχῆ·
587 264 663 325 οὗτοι
674 267 711 326 ὧν
720 269 827 341 πάντες,
839 271 906 331 οἵτε
917 279 949 333 ἐκ

147 357 267 431 Θρηίκης
276 357 378 414 καὶτοῦ
388 354 613 430 Ἑλλησπόντου,
622 354 698 430 πλὴν
706 361 755 415 τοῦ
767 363 795 415 ἐν
807 360 947 441 Δορίσκῳ,

146 443 200 503 ύπό
213 443 356 519 Ἑλλήνων
365 443 482 519 ὕστερον
492 443 592 518 ταύτης
605 449 655 519 τῆς
665 448 875 520 στρατηλασίης
886 449 947 527 ἐξῃ-

145 533 278 609 ρέθησαν·
298 532 348 592 τόν
361 533 391 591 δὲ
407 538 436 591 ἐν
450 533 580 610 Δορίσκῳ
597 531 762 608 Μασκάμην
778 533 896 610 οὐδαμοί
908 563 946 596 κω

145 621 339 697 ἐδυνάσθησαν
349 621 460 692 ἐξελεῖν,
469 623 586 679 πολλῶν
595 623 814 697 πειρησαμένων·
829 623 874 682 διά
883 629 946 684 τοῦ·

30 769 35 778 ,
143 735 176 769 το
194 711 224 770 δέ
241 714 268 769 οἰ
285 709 320 768 τοὶ
338 710 412 786 δῶρα
427 709 566 785 πέμπεται
582 709 658 785 παροί
673 713 723 768 τοῦ
741 710 946 785 βασιλεύοντος

98 799 154 857 107
164 800 217 857 αἰεὶ
230 804 259 857 ἐν
273 798 412 876 Πέρσησι
448 801 509 856 Τῶν
523 797 552 855 δέ
566 796 757 873 ἐξαιρεθέντων
770 797 824 857 ύπδ
841 799 944 877 Ἑλλή-

144 912 196 944 νων
206 885 303 945 ούδένα
313 884 452 960 βασιλεύς
461 885 567 961 Ξέρξης
577 884 691 961 ἐνόμισε
702 886 770 944 εἶναι
780 885 865 962 ἄνδρα
876 887 942 969 α’γα-

144 973 201 1041 θὸν,
217 978 240 1031 εἰ
257 972 296 1049 μή
312 971 405 1052 Βόγην
420 977 531 1047 μοῦνον,
546 971 595 1031 τόν
612 974 643 1040 ἐξ
659 971 780 1036 Ἠϊόνας·
801 979 899 1034 τοῦτον
913 977 944 1036 δὲ

142 1062 237 1121 αἰνέων
258 1060 307 1120 οὐκ
329 1059 454 1129 ἐπαύετο,
476 1060 522 1118 καί
541 1060 606 1123 τούς
629 1060 787 1137 περιεόντας
807 1061 892 1121 αὐτοῦ
913 1071 943 1125 ἐν

143 1149 276 1228 Πέρσησι
288 1148 389 1211 παῖδας
403 1149 483 1224 ἐτίμα
495 1147 632 1224 μάλιστα·
650 1149 709 1206 ἐπεὶ
723 1151 769 1207 καὶ
778 1148 854 1218 άξιος
864 1153 942 1212 αἴνου

141 1237 267 1319 μεγάλου
281 1238 389 1318 ἐγένετο
403 1236 505 1317 Βόγης·
527 1235 557 1297 ὃς
571 1236 664 1311 ἐπειδὴ
679 1238 872 1313 ἐπολιορκέετο
885 1236 941 1301 ύπό

140 1323 293 1403 Ἀθηναίων
307 1327 352 1384 καὶ
366 1326 495 1401 Κίμωνος
507 1328 557 1384 τοῦ
571 1324 739 1393 Μιλτιάδεω,
750 1325 854 1401 παρεόν
868 1327 942 1408 αύτῷ

141 1414 320 1475 ύπόσπονδον
330 1415 453 1484 ἐξελθεῖν
464 1415 510 1473 καὶ
520 1417 659 1488 νοστῆσαι
671 1418 697 1475 ἐς
707 1413 759 1487 την
769 1413 878 1489 Ἀσίην,
891 1416 940 1476 ούκ

141 1505 267 1581 ἐθέλησε,
286 1504 326 1581 μη
347 1503 436 1582 δειλίη
457 1502 545 1573 δόξειε
564 1506 697 1578 περιεῖναι
717 1503 844 1578 βασιλέϊ,
862 1502 940 1563 α’λλά

141 1592 310 1670 διεκαρτέρεε
328 1597 355 1654 ἐς
372 1592 405 1652 τό
427 1593 557 1671 ἔσχατον·
580 1590 615 1652 ὦς
633 1587 655 1648 δ’
670 1590 748 1650 ούδέν
766 1592 805 1648 ἐτι
826 1593 940 1667 φορβῆς

141 1684 204 1756 ἐνῆν
218 1688 246 1741 ἐν
258 1685 296 1759 τῷ
311 1681 404 1759 τείχεϊ,
420 1679 561 1755 συννήσας
577 1678 666 1755 πυρήν
682 1678 817 1759 μεγάλην,
833 1680 940 1754 ἔσφαξε

140 1768 175 1826 τά
187 1768 269 1828 τέκνα
283 1770 329 1827 καὶ
341 1767 392 1842 τήν
405 1772 521 1847 γυναῖκα
533 1768 578 1825 καὶ
591 1767 640 1829 τάς
654 1767 804 1829 παλλακάς
818 1769 862 1825 καὶ
876 1768 940 1832 τούς

140 1854 255 1918 οἰκέτας·
270 1856 316 1914 καὶ
328 1857 420 1915 ἔπειτα
430 1857 555 1931 ἐσέβαλε
565 1859 592 1917 ἐς
601 1855 634 1914 τό
645 1858 710 1930 πῦρ·
723 1855 794 1929 μετά
805 1856 938 1928 δὲταῦτα,

139 1941 188 2001 τόν
197 1943 305 2022 χρυσόν
315 1942 423 2002 ἅπαντα
432 1943 482 2003 τόν
492 1948 522 2001 ἐκ
532 1945 582 2002 τοῦ
592 1941 692 2002 ἄστεος
703 1942 748 1998 καὶ
758 1941 807 1999 τόν
817 1940 940 2022 άργυρον

140 2031 250 2110 ἔσπειρε
268 2031 323 2092 άπδ
340 2035 390 2091 τοῦ
406 2031 512 2110 τείχεος
531 2035 558 2092 ἐς
575 2028 625 2089 τόν
645 2027 799 2103 Στρυμόνα,
816 2029 939 2101 ποιήσας

140 2121 169 2179 δέ
191 2126 286 2191 ταῦτα,
308 2119 407 2195 ἐωυτὸν
429 2119 553 2193 ἐπέβαλε
577 2119 604 2177 ἐς
626 2115 660 2174 τό
686 2118 751 2188 πῦρ.
793 2112 863 2171 οὕτω
885 2118 938 2190 μὲν

139 2206 218 2270 οὗτος
231 2209 339 2269 δικαίως
352 2206 469 2266 αἰνέεται
483 2205 522 2263 ἔτι
535 2202 581 2260 καὶ
594 2207 622 2263 ἐς
634 2199 698 2260 τόδε
711 2199 765 2258 ύπδ
780 2202 922 2276 Περσέων.

93 2296 150 2352 108
179 2295 283 2368 Ξέρξης
306 2295 336 2351 δέ
359 2298 389 2351 ἐκ
411 2294 462 2352 τοῦ
486 2290 628 2366 Δορίσκου
650 2287 795 2363 ἐπορεύετο
819 2291 864 2348 ἐπὶ
885 2291 938 2366 τὴν

138 2378 273 2438 Ἑλλάδα·
293 2378 358 2441 τούς
377 2379 406 2438 δὲ
425 2379 477 2436 αἰεὶ
494 2377 655 2458 γινομένους
671 2376 798 2452 ἐμποδῶν
815 2405 937 2455 συστρα-

138 2467 267 2527 τεύεσθαι
276 2466 422 2547 ἠνάγκαζε·
438 2464 604 2525 ἐδεδούλωτο
618 2465 681 2547 γάρ,
693 2464 729 2528 ὦς
742 2467 788 2524 καὶ
801 2467 937 2544 πρότερόν
998 2490 1002 2495 ·

138 2581 187 2630 μοι
208 2555 365 2629 δεδήλωται,
386 2554 405 2628 ἡ
429 2553 512 2632 μέχρι
533 2557 696 2630 Θεσσαλίης
720 2559 809 2625 πᾶσα,
834 2556 879 2627 καὶ
902 2554 936 2630 ἦν

138 2641 192 2702 ύπό
218 2642 344 2718 βασιλέα
375 2641 566 2718 δασμοφόρος,
595 2642 771 2724 Μεγαβάζου
797 2670 828 2704 τε
856 2669 935 2701 κατα,

139 2732 332 2810 στρεψαμένου
346 2732 392 2790 καὶ
408 2731 526 2808 ὕστερον
540 2732 710 2808 Μαρδονίου.
744 2732 937 2809 παραμείβετο

126 2821 168 2879 ,δὲ
188 2819 371 2897 πορευόμενος
392 2825 422 2879 ἐκ
439 2820 590 2897 Δορίσκου,
606 2825 703 2897 πρῶτα
718 2822 770 2896 μέν
788 2818 823 2877 τά
846 2820 937 2892 Σαμο-

139 2911 247 2987 θρηίκια
257 2909 358 2987 τείχεα,
370 2914 425 2970 τῶν
436 2906 542 2988 ἐσχάτη
551 2908 723 2968 πεπόλισται
732 2905 802 2983 πρός
817 2907 938 2980 ἑσπέρην

124 2998 212 3062 πόλις
225 3003 264 3078 τῇ
277 2998 386 3079 οὔνομά
400 3004 462 3060 ἐστι
479 2999 665 3076 Μεσαμβρίη·
688 2997 779 3075 ἔχεται
793 2994 822 3053 δὲ
838 2993 938 3068 ταύτης

109 3087 234 3147 Θασιίυν
259 3089 358 3168 πόλις,ι
382 3091 516 3172 Στρύμη·
544 3088 593 3151 διὰ
614 3087 645 3147 δέ
670 3091 765 3160 σφεων
784 3085 834 3141 τοῖι
861 3083 963 3155 μέσου·

88 3172 222 3267 §cbaos
246 3183 389 3263 ποταμός
414 3183 554 3264 διαρρέει·
579 3178 613 3244 δς
632 3176 702 3240 τότε
722 3171 775 3233 οὔκ
793 3169 916 3242 δντέσχε
934 3163 981 3261 τὶι

1 3244 5 3331 ἰ
79 3251 163 3334 ''3⁰’st
183 3271 341 3352 παρέχων
356 3278 405 3357 τῷ
424 3273 550 3356 Ξέρξεω
567 3270 703 3350 στρατῷ,
717 3256 783 3324 M
802 3254 931 3315 “flam‘'
966 3267 989 3310 η
