2024 3450
122 90 169 134 ιιι
424 89 612 138 Ἠνοιοτυτ
812 88 922 155 ·[v11L

120 170 252 247 γομένων,
273 165 395 241 ἐλήλυθε
417 165 488 244 άνὴρ
510 166 660 244 Ἀθηναῖος
679 169 829 251 άγγέλλιν
848 170 924 247 ἥκειν

119 253 169 312 τὸν
189 254 340 329 βάρβαρον
361 259 388 317 ἐς
409 254 461 331 τὴν
480 254 622 331 Ἀττικὴν,
642 259 689 316 καὶ
714 261 814 317 πᾶσαν
838 258 925 335 αυτὴν

119 343 339 418 πυρπολέεσθαι.
390 341 407 402 ό
433 343 489 423 γάρ
520 343 565 401 διά
594 348 721 404 Βοιωτῶν
748 345 926 422 τραπόμενος

119 430 241 505 στρατός
257 429 316 506 ἅμα
333 433 433 510 Ξέρξῃ,
449 431 595 508 ἐμπρήσας
611 434 756 491 Θεσπιέων
773 434 827 509 την
840 435 925 494 πόλιν

120 516 208 577 αὐτῶν
239 519 442 580 ἐκλελοιπότων
471 523 498 581 ἐς
531 520 765 595 Πελοπόννησον,
794 523 842 580 καὶ
876 523 926 598 τὴν

120 609 286 668 Πλαταιέων
313 607 451 678 ὦσαότως,
472 603 524 682 ἧκέ
543 632 574 666 τε
598 612 625 670 ἐς
651 605 702 669 τάς
727 606 853 683 Ἀθήνας
882 613 925 669 καὶ

120 695 211 756 πάντα
232 700 322 757 ἐκεῖνα
343 696 443 772 ἐδηίου·
470 695 606 770 ἐνέπρησε
626 694 657 753 δὲ
676 695 808 754 Θέσπιόν
827 723 861 756 τε
881 700 926 757 καὶ

121 785 271 844 Πλάταιαν
293 783 449 860 πυθόμενος
474 782 607 858 Θηβαίων
634 781 680 842 ότι
704 782 755 841 οὐκ
784 785 926 860 ἐμήδιζον.

71 871 193 932 51Ἀπὸ
215 874 245 932 δὲ
268 877 318 948 τῆς
344 872 494 948 διαβάσιος
518 874 569 929 τοῦ
591 869 821 945 Ἑλλησπόντου,
850 875 926 935 ἔνθεν

119 961 290 1036 πορεύεσθαι
308 960 427 1036 ἤρξαντο
443 962 470 1018 οἱ
485 957 639 1035 βάρβαροι,
654 958 702 1015 ἐνα
717 957 806 1017 αὐτοῦ
824 961 926 1040 διατρί-

120 1056 221 1124 ψαντες
241 1051 325 1123 μῆνα,
348 1052 377 1106 ἐν
398 1051 436 1126 τῷ
458 1047 597 1123 διέβαινον
618 1051 645 1107 ἐς
665 1044 716 1121 την
734 1046 885 1124 Εὐρώπην,
898 1056 926 1109 ἐν

119 1135 195 1211 τρισὶ
215 1136 333 1211 ἑτέροισι
349 1134 451 1211 μήνεσι
470 1134 595 1215 ἐγένοντο
614 1137 643 1191 ἐν
655 1136 692 1210 τῇ
704 1133 833 1214 Ἀττικῇ,
847 1143 927 1196 Καλ-

118 1221 219 1282 λιάδεω
236 1223 370 1302 ἄρχοντος
383 1223 567 1299 Ἀθηναίοισι.
608 1220 654 1278 καὶ
672 1222 802 1296 αἱρέουσι
821 1229 927 1302 ἐρῆμον

117 1312 151 1373 τό
164 1311 245 1387 ἄστυ,
261 1313 309 1371 καί
320 1338 396 1374 τινας
410 1311 522 1392 ὀλίγους
533 1309 694 1387 εὑρίσκουσι
703 1312 758 1369 τῶν
768 1309 928 1388 Ἀθηναίω

119 1406 148 1459 ἐν
168 1406 206 1480 τῷ
228 1404 276 1481 ἱρῷ
297 1400 399 1469 ἐόντας,
414 1400 514 1476 ταμίας
533 1424 564 1457 τε
583 1399 634 1456 τοῦ
653 1400 714 1472 ἱροῦ
734 1398 781 1454 καὶ
803 1402 927 1476 πένητας

118 1488 289 1566 ἀνθρώπους·
311 1488 337 1547 οἱ
352 1488 525 1566 φραξάμενοι
540 1484 591 1562 τὴν
607 1484 762 1562 α’κρόπολιν
776 1485 886 1567 θύρῃσί
895 1517 927 1550 τε

119 1578 165 1634 καὶ
183 1578 302 1647 ξύλοισι,
325 1577 462 1653 η’μίνοντο
483 1576 546 1638 τοιὶς
567 1573 700 1641 ἐπιόντας,
723 1571 783 1648 ἅμα
802 1580 859 1650 μὲν
879 1579 927 1638 ὑπ’

118 1663 249 1741 άσθενίης
267 1667 335 1742 βίου
354 1664 404 1724 οὐκ
418 1663 624 1742 ἐκχωρήσαντες
638 1666 665 1724 ἐς
679 1662 840 1737 Σαλαμῖνα,
855 1666 927 1744 πρὸς

118 1749 211 1809 δὲκαὶ
229 1751 308 1811 αὐτοὶ
327 1752 467 1815 δοκέοντες
488 1751 659 1827 ἐξευρηκέναι
677 1748 711 1808 τό
730 1752 871 1826 μαντήϊον
891 1757 926 1816 τὰ

117 1836 136 1910 ἦ
157 1839 251 1913 Πυθίη
272 1845 328 1913 σφι
349 1840 459 1916 ἔχρησε,
481 1840 514 1900 τό
535 1838 646 1909 ξάλινον
665 1841 758 1915 τεῖχος
775 1837 925 1904 άνάλωτον

117 1923 242 1991 ἔσεσθαι,
268 1923 384 2000 αὕτὸδη
402 1931 485 1984 τοῦτο
503 1926 572 2008 εἶναι
588 1926 621 1986 τό
636 1924 835 2004 κρησφύγετον
852 1932 927 1992 κατιὶ

68 2007 149 2068 52τό
175 2009 318 2087 μαντήϊον,
347 2012 393 2070 καὶ
420 2011 452 2071 οὗ
478 2013 529 2077 τάς
559 2017 636 2089 νῆας.
689 2015 726 2071 Οἱ
752 2012 782 2070 δὲ
808 2017 927 2094 Πέρσαι

118 2096 238 2174 ἱζόμενοι
259 2100 305 2159 ἐπὶ
325 2098 375 2160 τόν
397 2102 542 2160 καταντίον
562 2105 612 2178 τῆς
632 2100 803 2176 άκροπόλιος
823 2102 925 2183 ὄχθον,

116 2186 166 2243 τόν
179 2185 323 2262 Ἀθηναῖοι
341 2189 476 2246 καλέουσι
492 2187 606 2265 Ἀρήϊον
625 2190 724 2269 πάγον,
739 2190 927 2268 ἐπολιόρκεον

115 2270 221 2345 τρόπον
246 2273 362 2332 τοιάνδε·
390 2274 459 2336 ὅκως
481 2279 614 2334 στυπεῖον
635 2278 698 2353 περὶ
719 2277 783 2339 τούς
807 2278 926 2349 όϊστούς

115 2356 271 2429 περιθέντες
288 2358 397 2434 ἅψειαν,
417 2359 543 2426 ἐτόξευον
556 2365 584 2422 ἐς
601 2362 634 2420 τά
650 2363 778 2443 φράγμα·
801 2368 926 2431 ἐνθαῦτα

114 2438 268 2514 Ἀθηναίων
281 2445 308 2500 οἱ
322 2443 552 2519 πολιορκεόμενοι
566 2446 639 2522 ὅμως
656 2449 803 2525 ἠμύνοντο,
819 2457 926 2537 καίπερ

115 2529 142 2587 ἐς
154 2525 187 2584 τό
202 2527 323 2605 ἔσχατον
340 2534 425 2589 κακοῦ
448 2529 605 2612 ἀπιγμένοι,
623 2537 668 2594 καὶ
685 2542 735 2595 τοῦ
752 2539 926 2618 φράγματος

114 2612 329 2688 προδεδωκότος·
365 2616 427 2676 οὐδὲ
453 2617 556 2699 λόγους
582 2626 637 2680 τῶν
661 2630 926 2702 Πεισιστρατιδέων

113 2700 331 2775 προσφερόντων
351 2705 415 2781 περὶ
438 2704 593 2787 ὁμολογίης
620 2710 783 2769 ἐνεδέκοντο·
815 2713 926 2786 α’μυνό.

113 2811 193 2864 μενοι
209 2785 238 2845 δέ
256 2787 381 2867 άλλατε
399 2790 637 2872 α’ντεμηχανέοντο
654 2797 700 2853 καὶ
715 2795 749 2869 δὴ
766 2794 812 2851 καὶ
825 2821 923 2871 προσ,

116 2873 212 2937 ιόντων
227 2880 282 2936 τῶν
296 2878 454 2956 βαρβάρων
470 2882 541 2957 πρός
558 2881 607 2944 τοὶς
620 2881 719 2949 πάλας,
733 2881 922 2963 ὀλοιτρόγους

114 2963 244 3026 άπίεσαν·
266 2965 338 3026 ὥστε
351 2966 457 3043 Ξέρξεα
475 2968 521 3027 ἐπὶ
536 2967 638 3046 χρόνον
654 2966 760 3047 συχνόν
778 2965 920 3051 ἀπορίῃσι

66 3047 105 3104 53
115 3053 268 3131 ἐνέχεσθαι,
284 3054 315 3114 οὗ
332 3053 483 3131 δυνάμενόν
499 3061 590 3132 σφεας
607 3058 689 3115 έλεϊν.
731 3053 829 3137 Χρόνῳ
846 3060 870 3118 δ’
884 3073 918 3129 ἐκ

113 3141 168 3195 τῶν
183 3139 294 3218 α’πόρων
308 3141 398 3221 ἐφάνη
412 3141 447 3222 δή
464 3170 507 3208 τις
522 3143 619 3208 ἔσοδος
634 3147 711 3206 τοῖσι
726 3146 915 3223 βαρβάροισι·

101 3219 163 3283 ‘³3⁶⁶
181 3228 240 3319 γάρ
260 3229 336 3295 κατά
356 3232 392 3297 τό
414 3233 588 3312 θεοπρόπιον
606 3237 705 3295 πᾶσαν
722 3233 776 3307 τὴν
790 3233 931 3300 ’λττικήν
