2024 3450
91 107 199 173 ιι-ιι]
426 109 538 156 mm.
856 107 888 154 ω

89 189 199 250 σασθαι
225 185 268 247 ἐπ’
291 186 470 269 Αἰγινήτῃσι·
498 189 544 246 καὶ
569 186 605 263 ἦν
630 186 685 268 γάρ
712 184 889 264 Νικόδρομος

90 276 213 336 Κνοίθου
241 276 409 351 καλεόμενος
436 279 465 333 ἐν
486 278 523 353 τῇ
546 276 645 355 Αἰγίνη
671 274 740 350 ἀνήρ
767 274 887 351 δόκιμος,

89 361 169 426 οὗτος
188 363 370 440 μεμφόμενος
393 364 445 439 μὲν
466 366 542 421 τοῖσι
564 362 731 442 Αἰγινήτῃσι
752 363 888 439 προτέρην

88 453 188 510 έωυτοΰ
207 452 338 521 ἐξέλασιν
357 456 387 510 ἐκ
405 453 455 525 τῆς
473 449 570 526 νήσου,
584 449 681 526 μαθοίν
697 448 727 507 δέ
742 449 805 508 τότε
824 449 888 513 τούς

87 535 251 615 Ἀθηναίους
274 537 477 614 ἀναρτημένους
505 538 592 614 ἕρδειν
615 535 765 617 Αἰγινήτας
791 541 887 606 κακῶς,

86 627 245 686 συντίθεται
264 625 440 700 Ἀθηναίοισι
462 625 616 701 προδοσίην
632 623 754 703 Αἰγίνης,
774 622 887 698 φράσας

86 717 116 773 ἐν
128 718 164 792 τῇ
176 740 208 773 τε
220 713 310 791 ἡμέρη
325 711 505 790 ἐπιχειρήσει,
517 713 563 771 καί
576 711 694 774 ἐκείνους
708 716 735 773 ἐς
747 709 799 786 τήν
811 709 888 785 ήκειν

85 800 181 876 δεήσει
201 800 383 875 βοηθέοντας·
404 799 475 875 μετά
495 804 591 872 ταῦτα,
606 797 819 877 καταλαμβάνει
836 801 888 876 μὲν

85 887 156 947 κατά
175 885 210 946 τά
229 886 402 963 συνεθήκατο
421 887 436 946 ὁ
455 889 630 967 Νικόδρομος
643 887 818 963 Ἀθηναίοισι
836 886 888 963 τήν

84 975 209 1051 παλαιήν
223 977 394 1053 καλεομένην
406 976 499 1037 πόλιν·
520 976 668 1059 Ἀθηναῖοι
678 976 707 1036 δὲ
721 975 753 1039 οὗ
767 977 883 1058 ταραγί-
894 979 932 1038 89

84 1088 177 1124 νονται
192 1069 219 1128 ἐς
232 1064 303 1124 δέον·
326 1062 358 1123 οὗ
370 1064 425 1146 γάρ
440 1065 538 1144 έτυχον
551 1070 649 1127 ἐοῦσαι
667 1066 724 1129 νέες
737 1072 793 1141 σφι
811 1065 885 1135 ἀξιό-

83 1176 170 1231 μαχοι
183 1157 252 1232 τῇσι
265 1154 433 1233 Αἰγινητέων
449 1155 635 1230 συμβαλέειν·
657 1158 687 1213 ἐν
700 1152 721 1233 ᾧ
734 1153 771 1214 ὧν
785 1161 886 1230 Κοριν-

84 1239 149 1299 θίων
171 1241 278 1302 ἐδέοντο
300 1242 410 1318 χρῆσαί
431 1247 486 1315 σφι
508 1243 578 1312 νέας,
595 1247 625 1301 ἐν
642 1241 729 1318 τούτῳ
749 1242 886 1315 διεφθάρη

82 1325 118 1385 τά
136 1327 299 1407 πρήγματα.
342 1327 411 1384 οἶδὲ
426 1329 577 1403 Κορίνθιοι,
593 1326 669 1403 ἦσαν
681 1327 735 1407 γάρ
750 1333 806 1400 σφι
824 1331 885 1384 τοῦ·

82 1439 132 1472 τον
152 1414 201 1473 τόν
224 1414 326 1491 χρόνον
349 1413 431 1486 φίλοι
453 1419 479 1474 ἐς
499 1414 535 1471 τά
556 1413 692 1488 μάλιστα,
711 1413 886 1487 Ἀθηναίοισι

84 1499 192 1555 διδοῦσι
213 1499 371 1572 δεομένοισι
396 1499 484 1556 εἰκοσι
508 1499 579 1566 νέας,
602 1499 709 1557 διδοῦσι
734 1500 764 1557 δὲ
787 1525 884 1559 πεντα-

54 1641 56 1646 ,
84 1583 226 1661 δράχμους
240 1581 419 1658 ἀποδόμενοι·
441 1583 554 1658 δωτίνην
574 1584 629 1663 γάρ
645 1590 673 1643 ἐν
686 1590 723 1662 τῷ
738 1584 812 1663 νόμῳ
833 1584 885 1645 ου’κ

84 1671 150 1746 ἐξῆν
163 1670 267 1730 δοῦναι·
287 1668 389 1732 ταύτας
401 1695 432 1729 τε
445 1670 479 1744 δή
493 1670 632 1745 λαβόντες
646 1675 672 1730 οἰ
684 1671 827 1747 Ἀθηναῖοι
841 1673 886 1732 καὶ

82 1758 134 1821 τάς
154 1760 301 1836 σφετέρας,
319 1756 519 1833 πληρώσαντες
536 1758 729 1835 ἐβδομήκοντα
751 1760 812 1822 νέας
834 1760 884 1823 τάς

82 1846 203 1920 ἁπάσας,
220 1848 320 1906 ἔπλεον
330 1846 376 1906 ἐπὶ
388 1845 440 1922 τήν
454 1847 580 1927 Αἰγιναν·
602 1847 648 1906 καὶ
661 1847 812 1926 θστέρισαν
825 1847 890 1926 ήμέ-

81 1962 117 2014 ρη
130 1940 182 2014 μιῇ
191 1935 442 2017 τῆςσυγκειμένης.
472 1935 647 2014 Νικόδρομος
660 1937 697 2007 δέ,
713 1937 747 2000 ἀς
761 1939 788 1996 οἱ
801 1935 884 2013 Ἀθη·
893 1939 930 1996 90

82 2026 154 2082 ναῖοι
168 2029 195 2087 ἐς
208 2024 258 2084 τόν
271 2022 367 2100 καιρόν
382 2022 414 2082 οὗ
427 2024 618 2104 παρεγίνοντο,
634 2029 661 2087 ἐς
674 2028 775 2083 πλοῖον
794 2025 884 2099 ε’σβοίς

82 2111 254 2187 ἐκδιδρήσκει
268 2117 299 2171 ἐκ
311 2116 361 2186 τῆς
375 2113 498 2192 Αἰγίνης·
534 2112 588 2172 σιίν
601 2113 632 2171 δέ
645 2115 671 2171 οἱ
685 2113 732 2170 καὶ
748 2111 832 2170 ἄλλοι
853 2117 883 2171 ἐκ

81 2202 136 2258 τῶν
149 2201 317 2280 Αἰγινητέων
335 2201 465 2260 ἕσποντο·
507 2205 584 2260 τοῖσι
604 2199 748 2275 Ἀθηναῖοι
769 2199 884 2262 Σούνιον

82 2290 195 2362 οἰκῆσαι
212 2289 322 2348 ἔδοσαν·
344 2289 469 2348 ἐνθεῦτεν
487 2287 518 2347 δέ
534 2286 611 2348 οὗτοι
632 2287 802 2365 όρμεάμενοι
821 2289 883 2365 ἐφε-

80 2372 131 2451 ρόν
146 2401 178 2434 τε
199 2378 244 2434 καί
264 2374 334 2456 ήγον
354 2377 418 2439 τούς
432 2381 461 2436 ἐν
474 2380 509 2453 τῇ
523 2376 599 2455 νήσῳ
616 2377 775 2457 Αἰγινήτας·
796 2381 884 2437 ταῦτα

80 2464 133 2536 μὲν
146 2461 180 2536 δή
193 2462 312 2539 ὕστερον
329 2465 440 2544 ἐγίνετο.
485 2465 652 2544 Αἰγινητέων
673 2465 702 2524 δὲ
723 2469 749 2524 οἰ
770 2468 879 2542 παχέες,
892 2469 927 2525 91

81 2548 288 2611 ἐπαναστάντος
308 2554 357 2609 τοῦ
374 2550 462 2627 δήμου
483 2556 539 2626 σφι
559 2550 618 2627 ἅμα
632 2551 806 2629 Νικοδρόμῳ,
820 2557 880 2610 ἐπε-

81 2634 236 2711 κράτησαν·
258 2638 304 2695 καὶ
326 2638 419 2697 ἔπειτά
441 2644 533 2714 σφεας
552 2639 761 2716 χειρωσάμενοι,
782 2639 883 2720 ἐξῆγον

81 2721 257 2788 ἀπολέοντες.
293 2723 349 2785 α’πδ
362 2724 461 2786 τούτου
475 2726 504 2784 δὲ
518 2727 564 2785 καὶ
578 2725 645 2807 ἅγος
658 2733 713 2802 σφι
728 2728 836 2809 ἐγένετο
849 2726 881 2788 τό

81 2811 255 2873 ἐκθύσασθαι
268 2812 329 2873 ὀὐκ
353 2813 409 2872 οἷοί
429 2840 460 2872 τε
485 2814 608 2892 ἐγίνοντο
633 2815 882 2893 ἐπιμηχανώμενοι·
947 2887 948 2891 ¹

80 2897 146 2958 ἀλλ’
161 2902 290 2976 ἔφθησαν
307 2900 471 2964 ἐκπεσόντες
488 2901 624 2978 πρότερον
642 2907 671 2960 ἐκ
689 2907 738 2975 τῆς
757 2904 845 2976 νήσου
863 2902 882 2978 ή

80 2995 136 3062 σφι
151 2989 231 3047 ἵλεων
244 2990 376 3069 γενέσθαι
389 2988 441 3064 τήν
455 2987 527 3047 θεόν·
569 2989 755 3048 ἑπτακοσίους
772 2989 832 3064 γὰρ
850 2989 892 3058 δέχ

77 3078 128 3131 τοῦ
148 3075 238 3152 δήμου
258 3076 468 3160 ζωγρήσαντες,
484 3076 586 3159 ἐξῆγον
608 3076 647 3139 ὣς
666 3074 852 3133 ἀπολέοντες·
876 3068 923 3162 {x}

67 3158 104 3217 δέ
119 3186 164 3224 τις
183 3164 293 3226 τούτων
318 3168 458 3252 ἐκφυγὼν
482 3167 522 3229 τά
543 3165 651 3243 δεσμὰ
667 3152 975 3248 κατώῶλῦῥψς·

58 3246 196 3323 πρόθυρα
221 3255 395 3339 Δήμητρος
421 3254 645 3338 θεσμοφόρου·
671 3237 985 3315 ἐιςιλκλὶιλλῧλδδῦλωἱ
