2024 3450
124 107 169 153 120
426 104 608 153 Ἥνοιουοτ
844 102 920 164 [νυ.

120 210 203 261 μενος
225 183 290 260 παρ’
315 183 388 262 αὐτῷ
407 185 544 263 μέγιστον
565 182 698 258 Περσίαν
721 179 881 256 Μαρδόνιος
905 209 922 239 ο

122 270 267 348 Γωβριίεω,
296 271 325 335 ὃς
352 271 386 346 ἦν
413 272 502 348 Ξέρξη
529 273 580 346 μὲν
608 269 719 348 ἀνεψιός
747 270 867 346 Δαρείου
893 271 923 328 δὲ

123 356 264 435 άδελφεῆς
276 359 349 429 πάϊς,
359 358 485 419 τοιούτου
499 358 587 439 λόγου
602 360 700 437 εἴχετο,
712 359 810 438 λέγων·
833 365 850 391 “
860 358 922 417 δέσ-

120 473 201 518 ποτα,
217 447 266 506 οὐκ
280 445 354 510 οἶκός
364 452 425 506 ἐστι
434 446 598 522 Ἀθηναίους
608 447 814 525 ἐργασαμένους
825 445 923 504 πολλά
994 467 996 471 ·

120 534 173 611 ἤδη
186 533 257 594 κακά
271 535 395 612 Πέρσας,
408 533 449 612 μή
464 533 495 593 οὗ
510 535 604 593 δοῦναι
618 533 761 597 δίκαςτῶν
776 534 923 608 ἐποίησαν·

120 621 197 682 α’λλά
216 623 250 683 τό
269 625 320 700 μὲν
340 626 389 682 νῦν
408 626 495 682 ταῦτα
513 620 656 700 πρήσσοις
682 621 770 698 τάπερ
792 626 821 680 ἐν
838 624 923 700 χερσὶ

120 711 200 788 ἔχεις·
213 711 361 788 ἡμερώσας
371 711 400 769 δὲ
410 710 553 791 Αἴγυπτον
565 709 617 786 τήν
631 708 824 787 ἐξυβρίσασαν
836 736 921 786 στρα-

119 799 236 873 τηλάτεε
256 799 301 858 ἐπὶ
319 798 370 861 τάς
387 797 516 874 Ἀθήνας,
533 798 576 856 ἵνα
592 797 678 878 λόγος
691 797 723 857 τέ
736 823 771 856 σε
786 798 835 875 έχη
852 798 924 874 πρός

121 884 271 963 ἀνθρώπων
292 884 396 966 άγαθὸς
417 886 465 944 καί
479 911 520 948 τις
535 884 653 961 ὕστερον
671 884 857 960 φυλάσσηται
877 890 923 944 ἐπὶ

120 976 174 1053 γῆν
191 974 243 1048 τήν
259 974 315 1048 σήν
331 972 560 1050 στρατεύεσθαι.”
601 971 683 1034 οὗτος
701 974 752 1049 μέν
767 976 793 1031 οἱ
807 973 822 1032 ὁ
836 973 923 1054 λόγος

120 1058 155 1135 ἦν
174 1061 302 1137 τιμωρός·
328 1065 379 1120 τοῦ
399 1061 429 1120 δὲ
448 1059 536 1140 λόγου
562 1061 740 1137 παρενθήκην
760 1062 922 1119 ποιεέσκετο

120 1146 209 1223 τήνδε,
226 1147 261 1211 ὥς
278 1149 296 1224 ή
313 1147 436 1226 Εὐρώπη
451 1147 624 1224 περικαλλής
640 1147 727 1226 χάρη,
747 1149 792 1208 καὶ
811 1149 923 1224 δένδρεα

120 1240 239 1296 παντοῖα
253 1238 332 1314 φέρει
345 1236 380 1296 τά
393 1236 492 1314 ἥμερα,
507 1235 608 1312 α’ρετήν
621 1261 652 1295 τε
666 1234 745 1311 άκρη,
758 1237 879 1312 βασιλέϊ
891 1264 922 1296 τε

87 1324 211 1404 (ἱμοάνῳ
238 1327 343 1400 θνητῶν
371 1323 435 1401 α’ξίη
463 1323 607 1399 ἐκτῆσθαι.
649 1327 744 1382 Ταῦτα
771 1326 850 1404 ἔλεγε
877 1326 923 1384 οἶα

122 1413 257 1490 νεωτέρων
284 1413 369 1492 ἔργων
394 1410 564 1488 ἐπιθυμητής
587 1411 639 1471 ἐάν
654 1411 707 1485 Ικαὶ
730 1413 818 1472 θέλων
840 1411 922 1475 αὐτός

120 1504 170 1574 τῆς
181 1499 320 1562 Ἑλλάδος
339 1499 464 1579 ὕπαρχος
481 1499 557 1573 εἶναι,
577 1499 668 1578 χρόνῳ
682 1499 712 1558 δὲ
727 1500 922 1581 κατεργάσατό

120 1609 151 1646 τε
170 1588 216 1646 καὶ
234 1588 362 1652 άνέπεισε
380 1589 485 1665 Ξέρξεα
504 1587 577 1647 ὥστε
599 1589 703 1647 ποιέειν
719 1592 816 1659 ταῦτα·
842 1589 920 1648 συνέ-
969 1587 977 1605 ⁴

121 1678 197 1752 λαβε
220 1668 282 1756 γάρ
299 1677 344 1734 καὶ
367 1673 445 1734 άλλα
466 1679 494 1735 οἱ
516 1676 655 1754 σύμμαχα
680 1675 815 1756 γενόμενα
840 1681 867 1740 ἐς
888 1677 923 1736 τὰ

121 1764 268 1822 πείθεσθαι
288 1763 401 1837 Ξέρξεα·
426 1768 510 1824 τοῦτο
531 1765 583 1841 μέν
607 1763 663 1823 άπὸ
686 1768 737 1838 τῆς
755 1766 923 1841 ,Θεσσαλίης

121 1849 197 1926 παρά
211 1854 264 1907 τῶν
273 1848 443 1909 Ἀλευαδέων
453 1849 602 1931 ἀπιγμένοι
610 1849 728 1932 άγγελοι
739 1852 922 1911 ἐπεκαλέοντο

119 1936 256 2012 βασιλέα,
280 1939 376 1995 πᾶσαν
400 1937 557 2013 προθυμίην
581 1937 775 2015 παρεχόμενοι,
802 1940 846 1996 ἐπὶ
869 1940 922 2015 τήν

120 2023 256 2084 Ἑλλάδα·
287 2025 313 2082 οἱ
337 2023 366 2083 δὲ
388 2022 537 2083 Ἀλευάδαι
559 2023 634 2087 οὗτοι
658 2023 732 2099 ἦσαν
746 2029 922 2100 ’Θεσσαλίης

120 2113 265 2188 βασιλέες.
292 2116 374 2172 τοῦτο
399 2111 428 2170 δὲ
453 2110 707 2187 Πεισιστρατιδέων
730 2113 757 2168 οἱ
779 2109 921 2187 ἀναβεβη-

38 2191 42 2197 “
122 2200 199 2262 κότες
226 2205 253 2262 ἐς
280 2201 385 2268 Σοῦσα,
413 2202 467 2258 τῶν
497 2223 528 2257 τε
558 2197 647 2257 αὐτῶν
674 2197 766 2276 λόγων
794 2197 922 2275 ἐχόμενοι

120 2290 174 2346 τῶν
204 2288 249 2344 καὶ
277 2289 302 2344 οἶ
328 2284 476 2345 Ἀλευάδαι
507 2283 614 2359 καὶδή
640 2310 668 2342 τι
697 2284 766 2361 πρός
796 2285 921 2345 τούτοισι

120 2375 160 2432 ἐτι
184 2373 271 2433 πλέον
294 2370 504 2452 προσορέγοντό
526 2375 560 2441 οἱ,
583 2375 692 2450 ἔχοντες
712 2371 920 2448 Ὀνομάκριτον,

120 2461 205 2537 ἄνδρα
214 2460 371 2534 Ἀθηναῖον,
386 2459 589 2540 χρησμολόγον
603 2485 634 2518 τε
649 2461 695 2518 καὶ
709 2459 837 2536 διαθέτην
855 2489 920 2541 χρη-

120 2553 200 2625 σμῶν
212 2553 266 2608 τῶν
280 2548 438 2606 Μουσαίου.
460 2547 679 2623 ἀναβεβήκεσαν
692 2550 746 2629 γάρ
760 2550 811 2625 τήν
823 2551 922 2628 ἔχθρην

120 2634 409 2714 προκαταλυσάμενοι·
441 2636 584 2712 ἐξηλάσθη
608 2637 661 2718 γάρ
686 2637 740 2698 firm*
767 2631 922 2717 Ἱππάρχου

119 2729 169 2784 τοῦ
189 2723 397 2801 Πεισιστράτου
414 2724 429 2784 ό
446 2724 646 2803 Ὀνομάκριτος
664 2728 694 2796 ἐξ
712 2726 861 2803 Ἀθηνέων,
881 2725 922 2784 ἐπ’

120 2812 272 2892 αὐτοφώρῳ
287 2813 371 2876 άλοῦς
382 2812 436 2872 ὖπό
446 2815 545 2874 Λάσου
554 2820 604 2873 τοῦ
614 2814 775 2890 Ἑρμιονέος
790 2814 923 2892 ἐμποιέων

119 2907 148 2964 ἐς
162 2901 198 2960 τά
214 2905 364 2962 Μουσαίου
376 2905 514 2982 χρησμόν,
531 2905 566 2968 ὥς
584 2907 612 2963 αἱ
631 2905 675 2962 ἐπὶ
690 2904 806 2980 Λήμνου
826 2905 924 2962 ἐπικεί·

94 3012 187 3056 μενοι
208 2995 296 3065 νῆσοι
318 2990 506 3070 α’φανιζοίατο
530 2993 602 3055 κατὰ
621 2997 671 3070 τῆς
693 2990 853 3066 θαλάσσης·
881 2991 923 3050 διο

82 3071 224 3142 ‘matre‘
236 3106 295 3156 μιν
315 3081 337 3144 o‘
361 3084 540 3171 Ἵππαρχος,
560 3085 705 3168 πρότερον
725 3078 888 3163 χρεόμενος
905 3078 944 3132 τὰ

58 3152 219 3255 quama-
261 3170 334 3235 τότε
350 3176 381 3238 δὲ
397 3180 593 3259 συναναβὰς,
609 3175 686 3240 ὅκως
701 3172 837 3233 άπίκοιτα
854 3161 972 3259 ἐςδηινχ

49 3255 111 3304 ην
126 3251 308 3339 βασιλέος)
334 3268 501 3358 λεγόντων
518 3275 581 3333 τῶν
598 3251 887 3343 Πεισιστρατιδέων
910 3266 982 3314 περ’·
