2024 3450
138 114 170 160 οι
444 108 629 159 Ἥυοιουυυ
875 111 936 175 [vr.

139 191 169 249 δέ
181 194 236 250 πῶν
250 189 468 267 ἐπισπαστήρων
482 189 580 268 εἴχετο·
602 192 629 248 οἱ
642 188 679 258 δὲ,
694 188 756 248 ἐπεί
766 189 799 249 τέ
809 215 858 265 μιν
871 191 939 251 αἶπο-

139 274 249 338 σπάσάι
269 279 318 338 οὐκ
335 278 433 338 οἷοίτε
446 276 614 341 ἀπέλκοντες
633 278 765 357 ἐγίνοντο,
778 276 940 356 άποκόψαν-

137 392 182 430 τες
203 367 287 426 αὐτοῦ
309 366 358 429 τάς
379 371 474 446 χεῖρας
495 365 566 447 ἦγον
588 365 667 425 οὕτω·
689 369 780 444 χεῖρες
802 365 831 424 δὲ
853 371 940 426 κεῖναι

91 455 129 513 92
142 456 326 531 ἐμπεφυκυῖαι
340 454 414 528 ἦσαν
426 458 502 513 τοῖσι
516 459 740 529 ἐπισπαστῆρσι.
782 457 875 512 Ταῦτα
887 455 940 530 μέν

143 568 191 602 νυν
205 542 297 618 σφέας
310 541 409 604 αάτοδς
422 545 449 611 οἱ
463 545 608 623 Αἶγινήται
625 541 790 621 ἐργάσαντο·
810 540 939 618 Ἀθηναί-

141 655 199 689 οισι
227 630 257 689 δὲ
285 629 386 706 ἥκουσι
410 629 607 708 ἐναυμάχησαν
630 630 713 704 νηυσὶ
736 628 938 705 ἐβδομήκοντα·

140 719 309 781 ἑσσωθέντες
337 718 367 776 δὲ
394 721 430 796 τῇ
459 718 598 797 ναυμαχίῃ
623 717 806 776 ἐπεκαλέοντο
825 717 938 782 τοίπους

140 804 241 868 αὐτους
259 804 323 868 τούς
347 805 393 863 καὶ
416 804 560 881 πρότερον,
581 804 732 885 Ἀργείους·
755 804 801 862 καὶ
824 804 859 880 δή
883 815 937 882 σφι

140 890 215 952 οὗτοι
235 896 288 970 μέν
311 891 402 952 οὐκέτι
418 894 582 968 βοηθέουσι,
603 893 781 969 μεμφόμενοι
799 892 844 951 ὅτι
862 899 938 975 Αίγι-

139 985 213 1039 ναῖαι
227 982 284 1043 νέες
294 979 403 1061 ἀνάγκη
412 981 592 1056 λαμφθεῖσαι
604 979 659 1039 ήπό
669 980 843 1056 Κλεομένεος
854 981 938 1059 ἔσχον

139 1093 170 1127 τε
184 1073 211 1130 ἐς
223 1068 275 1142 τήν
287 1066 440 1148 Ἀργολίδα
452 1068 546 1146 χώρην
567 1069 612 1126 καὶ
633 1068 837 1142 συναπέβησαν
850 1073 937 1126 Λακε-

139 1155 318 1232 δαιμονίοισι.
360 1156 564 1232 συναπέβησαν
586 1155 615 1214 δὲ
639 1156 685 1213 καὶ
708 1153 764 1214 άπό
787 1156 938 1218 Σικυωνίων

141 1247 208 1303 νεῶν
230 1242 325 1321 άνδρες
342 1248 377 1323 τῇ
396 1243 467 1322 αὐτῇ
484 1244 571 1322 ταύτῃ
592 1245 715 1320 ἐσβολῇ.
757 1244 806 1301 καί
823 1250 880 1318 σφι
892 1243 937 1303 ὑπ’

138 1328 270 1412 Ἀργείων
292 1332 439 1409 ἐπεβλήθη
463 1333 555 1410 ζημίη,
573 1333 653 1410 χίλια
674 1330 800 1391 τάλαντα
820 1332 937 1402 ε’κτίσαι,

138 1419 309 1480 πεντακόσια
323 1421 475 1498 ἑκατέρους.
517 1419 661 1484 Σικυώνιοι
673 1420 725 1495 μέν
742 1444 790 1479 νυν
803 1421 937 1500 συγγνόν-

138 1532 183 1569 τες
196 1507 336 1584 άδικήσαι,
351 1507 548 1590 ιόμολόγησαν,
563 1508 660 1567 ἑκατόν
672 1507 798 1567 τάλαντα
812 1509 938 1568 ἐκτίσαν-

137 1620 190 1665 τες,
214 1595 327 1672 άζήμιοι
354 1595 433 1656 εἶναι·
474 1600 622 1677 Αἰγινῆται
645 1596 674 1654 δὲ
702 1594 765 1654 οὔτε
792 1596 937 1677 συνεγινώ-

139 1708 242 1743 σκοντο
254 1683 330 1760 ἦσάν
342 1711 373 1744 τε
386 1683 595 1760 αὐθαδέστεροι.
625 1683 670 1743 διά
683 1683 717 1758 δή
732 1681 767 1742 ὧν
781 1689 837 1758 σφι
850 1687 938 1743 ταῦτα

139 1769 295 1846 δεομένοισι
318 1772 373 1830 άπό
395 1775 446 1848 μὲν
465 1776 516 1832 τοῦ
538 1773 675 1848 δημοσίου
697 1769 784 1833 οὐδεὶς
805 1769 938 1851 Ἀργείων

140 1857 180 1915 ἔτι
200 1859 324 1932 ἐβοήθεε,
344 1859 487 1917 ἐθελονταὶ
508 1859 538 1917 δέ
551 1865 579 1921 ἐς
591 1860 708 1937 χιλίους·
729 1858 781 1938 ἦγε
794 1858 824 1916 δὲ
838 1859 938 1922 αὐτοῦς

139 1944 297 2025 στρατηγός
317 1942 387 2021 άνήρ
408 1943 430 2023 ᾧ
450 1944 554 2022 οὔνομα
575 1945 749 2022 Εὐρυβάτης,
765 1945 938 2006 πεντάεθλον

139 2031 312 2107 ἐπασκήσας.
353 2033 457 2094 τούτων
478 2036 505 2092 οἱ
525 2037 642 2096 πλεῦνες
666 2032 715 2092 οὐκ
740 2032 937 2110 ἀπενόστησαν

139 2119 237 2191 όπίσω,
260 2121 325 2180 άλλ’
339 2121 524 2197 ἐτελεύτησαν
543 2119 588 2181 ὕπ’
605 2121 757 2197 Ἀθηναίων
779 2126 807 2180 ἐν
828 2123 936 2201 Αἰγίνῃ·

139 2208 221 2271 αὐτός
234 2208 263 2267 δὲ
277 2209 292 2268 ό
307 2210 465 2289 στρατηγός
478 2208 652 2286 Εὐρυβάτης,
666 2209 859 2287 μουνομαχίην
873 2214 937 2268 ε’πα-

139 2297 235 2365 σκέων,
250 2299 322 2372 τρεῖς
335 2299 386 2372 μὲν
405 2296 505 2373 ἄνδρας
517 2296 611 2376 τρόπῳ
625 2298 739 2376 τοιούτῳ
761 2296 867 2366 κτείνει,
882 2296 937 2357 ήπό

139 2382 169 2439 δὲ
181 2386 231 2440 τοῦ
241 2382 374 2457 τετάρτου
383 2384 531 2459 Σωφάνεος
544 2389 594 2444 τοῦ
609 2385 746 2448 Δεκελέος
754 2383 937 2460 άποθνήσκει.

92 2471 129 2526 93
140 2471 287 2548 Αἰγινῆται
295 2469 324 2527 δὲ
338 2474 415 2528 ἐοῦσι
429 2470 575 2531 άτάκτοισι
588 2471 762 2548 Ἀθηναίοισι
772 2473 937 2550 συμβαλόν-

138 2582 183 2618 τες
196 2560 264 2632 πήσι
280 2557 363 2632 νηυσὶ
384 2558 524 2632 ἐνίκησαν·
547 2561 595 2618 καί
610 2566 706 2635 σφεων
720 2561 783 2624 νέας
800 2562 939 2637 τέσσερας

139 2643 249 2702 αὐτοῖσι
263 2643 380 2722 άνδράσι
395 2646 480 2705 εἶλον.

91 2733 129 2790 94
179 2730 354 2807 Ἀθηναίοισι
373 2736 425 2810 μὲν
440 2733 474 2809 δή
492 2734 617 2811 πόλεμος
635 2741 762 2812 συνῆπτο
775 2736 846 2814 πρός
859 2741 937 2817 Αἰγι-

139 2818 231 2896 νήτας.
273 2818 336 2878 όδέ
354 2821 469 2898 Πέρσης
486 2822 519 2882 τό
539 2827 640 2881 ἑωυτοῦ
662 2826 758 2895 ἐποίεε,
779 2825 852 2884 ὥστε
873 2824 938 2883 οἴνα-

137 2907 343 2986 μιμιήσκοντός
355 2935 386 2967 τε
400 2910 453 2968 αἰεὶ
465 2915 515 2969 τοῦ
531 2908 699 2987 θεράποντος
711 2913 873 2990 μεμνῆσθαι
889 2939 938 2989 μιν

131 3001 189 3056 τῶν
211 2997 372 3074 Ἄθηναάυν,
396 2997 443 3056 καὶ
466 2999 721 3074 Πεισιστρατιδέων
741 3001 936 3077 προσκατημέ-

112 3105 171 3140 νων
191 3087 243 3144 καί
266 3087 494 3165 διαβαλλόντων
514 3086 694 3163 Ἀθηναίους,
713 3085 773 3162 ἅμα
791 3087 826 3144 δε
844 3087 945 3160 βουλό-

89 3188 189 3235 μενος
211 3175 234 3234 o‘
252 3184 393 3258 Δαρεῖος,
420 3179 533 3259 ταύτης
558 3176 700 3258 ἐχόμενος
718 3177 773 3248 τῆς
788 3172 968 3269 προφάσιος,

78 3267 368 3346 *αῒαστρέφεσθαι
384 3277 445 3352 τῆς
458 3269 623 3334 Ἑλλάδος
635 3263 707 3326 τοὺς
723 3260 766 3338 μὴ’
777 3258 885 3316 δῦνταῖ
906 3255 985 3324 (Μῆ
