2024 3450
103 92 213 174 ιο-ιι]
450 108 564 156 mm.
875 103 904 154 οι

104 213 145 249 ειν
157 187 191 249 τό
199 186 314 268 Ἄργος,
328 185 434 262 παρεόν
450 184 583 270 εὐπετέως
602 210 651 262 μιν
672 187 755 244 ἐλεῖν·
776 182 838 244 ὁδί
849 188 906 259 σφι

104 274 190 345 ἔλεξε,
204 273 267 334 οίπε
280 278 304 333 εἰ
317 272 485 351 ψευδόμενος
498 271 561 333 οὔτε
582 277 605 332 εἶ
625 272 733 348 όληθέα
746 272 836 350 λέγων
852 271 907 350 ἔχω

103 363 252 440 σαφηνέως
273 361 358 421 εἶπαι·
380 361 457 429 'Mt
478 360 501 420 δ’
515 359 552 420 ὧν
567 359 692 437 φάμενος
707 359 768 417 ἐπεί
781 385 812 418 τε
826 357 860 434 δή
873 359 906 419 τό

103 455 154 510 τοῦ
169 449 277 531 Ἀργου
299 448 358 527 ἱρόν
379 448 445 519 εῖλε,
467 448 572 508 δοκέειν
594 451 620 507 οἱ
643 447 837 522 ἐξεληλυθέναι
857 446 907 506 τόν

104 538 236 616 χρησμόν
256 541 305 597 τοῦ
326 537 401 596 θεοῦ·
422 536 493 614 πρός
507 535 544 595 ὧν
556 539 644 595 ταῦτα
658 534 690 592 ού
707 534 829 593 δικαιοῦν
849 558 907 591 πει-

104 629 158 702 ρᾶν
177 629 227 701 τῆς
248 624 356 696 πόλιος,
378 624 445 701 πρίν
467 649 501 705 γε
524 624 558 698 δή
584 625 671 699 ἱροῖσι
689 621 839 700 χρήσηται,
859 622 905 679 καὶ

105 712 183 792 μόθῃ
196 715 250 773 εἴτε
265 711 320 772 οἷό
334 709 397 773 θεός
416 711 564 788 παραδιδοῖ
576 711 632 769 εἴτε
645 713 672 769 οῖ
686 707 812 786 ἐμποδῶν
827 709 907 783 ἐστη-

31 795 33 799 ’
106 824 146 857 κε·
169 799 389 876 καλλιερευμένῳ
408 798 438 857 δέ
451 802 480 858 ἐν
492 802 531 877 τῷ
542 797 649 876 Ἡραίῳ
663 803 693 857 ἐκ
709 799 759 856 τοΰ
779 793 906 874 οἷγόλμα-

106 911 154 948 τος
166 891 221 946 τῶν
234 887 361 962 στηθέων
374 886 472 967 φλόγα
484 885 570 962 πυρός
588 884 741 963 ἐκλάμψαι·
761 883 861 961 μαθεῖν
877 883 907 942 δὲ

107 971 189 1037 αὐτός
203 973 273 1034 οὕτω
285 973 338 1049 τόν
350 973 504 1051 ότρεκηίην,
519 973 561 1034 ὅτι
575 972 625 1033 οὐκ
642 975 727 1051 αἱρέει
742 972 774 1032 τό
790 971 904 1052 Ἄργος·

107 1065 131 1121 εἰ
156 1066 208 1140 μὲν
228 1063 283 1145 γόρ
312 1068 342 1122 ἐκ
367 1067 417 1139 τῆς
444 1066 570 1142 κεφαλῆς
590 1065 640 1122 τοῦ
660 1062 824 1144 α’γόλματος
851 1060 906 1129 ἐξέ-

106 1154 210 1229 λαμψε,
225 1153 326 1229 αἱρέειν
346 1150 380 1211 ἂν
400 1148 459 1210 κατ’
472 1150 557 1227 ἄκρης
576 1150 630 1225 τὴν
649 1151 742 1210 πόλιν·
765 1156 795 1208 ἐκ
808 1148 906 1208 τῶνδὲ

107 1241 231 1315 στηθέων
243 1240 417 1317 λάμψαντος,
431 1242 487 1296 πᾶν
502 1241 528 1296 οῖ
540 1239 713 1313 πεποιῆσθαι
731 1238 800 1296 ὅσον
814 1236 829 1294 ὁ
844 1236 907 1299 θεός

107 1327 243 1400 ἐβούλετο
263 1320 405 1406 γενέσθαι.
445 1329 534 1384 ταῦτα
547 1325 577 1382 δέ
590 1325 687 1403 λέγων,
702 1323 791 1381 πιστό
811 1347 842 1379 τε
861 1323 909 1380 καῖ

108 1413 203 1472 οἰκότα
232 1412 323 1471 ἐδόκεε
351 1411 545 1487 Σπαρτιήτῃσι
574 1411 675 1489 λέγειν,
703 1411 749 1466 καὶ
778 1407 907 1488 ἀπέφυγε

99 1497 219 1557 ’πολλόν
239 1497 303 1559 τούς
324 1495 480 1557 διώκοντας.
919 1560 929 1574 ‚

144 1581 251 1661 Ἄργος
269 1583 298 1640 δέ
316 1581 421 1656 ἀνδρῶν
434 1579 569 1657 ’ἐχηριόθη
590 1580 668 1650 οὕτω,
683 1580 756 1638 ὥστε
770 1584 796 1639 οἱ
810 1580 906 1640 δοῦλοι
915 1586 953 1643 83

110 1661 201 1727 αὐτῶν
220 1669 306 1746 ἐσχον
322 1665 415 1733 πάντα
435 1667 471 1725 τό
492 1665 645 1746 πρήγματα
663 1665 795 1745 ἄρχοντές
812 1692 843 1726 τε
862 1672 907 1727 καὶ

109 1756 255 1825 διέποντες,
268 1762 297 1819 ἐς
308 1755 328 1816 ό
338 1753 488 1830 ἐπήβησαν
502 1757 529 1812 οἱ
541 1759 595 1814 τοῖν
608 1753 789 1831 α’πολομένων
803 1756 905 1819 παῖδες.

98 1844 205 1912 ἐπειτά·
218 1843 310 1920 σφεας
320 1840 404 1903 ὀὗτοι
426 1835 612 1919 όνακτιόμενοι
634 1841 725 1903 ὀπίσω
743 1849 770 1907 ἐς
792 1844 907 1908 ἑωυτούς
965 1905 966 1908 ,

108 1932 141 1990 τό
151 1927 255 2012 Ἀργος
269 1926 416 2008 ἐξέβαλον·
438 1924 618 2008 ἐξωθεύμενοι
630 1931 660 1990 δέ
674 1935 701 1991 οῖ
715 1933 813 1991 δοῦλοι
829 1931 908 2012 μάχη

108 2020 194 2099 ἔσχον
206 2021 334 2097 Τίρυνθα.
375 2020 442 2082 τέως
454 2020 506 2096 μὲν
518 2018 554 2095 δή
565 2025 621 2094 σφι
635 2019 670 2094 ἦν
686 2019 792 2096 ἄρθμια
813 2025 840 2082 ἐς
858 2019 907 2078 α’λ-

107 2106 222 2183 λήλους·
244 2107 338 2169 ἔπειτα
352 2108 381 2168 δὲ
394 2112 422 2171 ἐς
431 2108 499 2170 τούς
511 2107 627 2170 δούλους
640 2106 711 2181 ἦλθε
725 2106 794 2184 ἀνὴρ
811 2106 908 2182 μόντις

98 2192 276 2274 Κλέανδρος,
285 2197 365 2277 γένος
379 2192 577 2276 ἐῶνΦιγαλεύς
590 2194 637 2253 ἀπ’
652 2194 806 2272 Ἀρκαδίης·
829 2191 909 2258 οὗτος

107 2283 171 2347 τούς
188 2284 303 2347 δούλους
321 2284 460 2365 ἀνέγνωσε
479 2283 626 2342 ἐπιθέσθαι
643 2287 721 2342 τοῖσι
739 2283 906 2362 δεσπότησι·

108 2376 138 2428 ἐκ
150 2365 293 2431 τούτουδὲ
305 2371 430 2448 πόλεμός
443 2377 499 2446 σφι
515 2370 550 2446 ἦν
569 2371 615 2434 ἐπὶ
632 2370 734 2448 χρόνον
751 2371 865 2450 συχνόν,
881 2377 909 2436 ἐς

107 2458 123 2518 ό
144 2457 188 2532 δὴ
198 2455 280 2540 μόγις
301 2462 327 2518 οἱ
346 2458 469 2539 Ἀργεῖοι
490 2457 692 2536 ἐπεκράτησαν.

147 2542 271 2624 Ἀργεῖοι
288 2546 340 2621 μέν
357 2571 405 2605 νυν
423 2545 468 2604 διὰ
483 2549 572 2604 ταῦτα
585 2545 747 2622 Κλεομένεό
760 2552 835 2622 φασι
852 2573 904 2624 μα·
914 2549 953 2608 84

108 2631 189 2690 νέντα
204 2628 364 2692 ἀπολέσθαι
382 2636 479 2695 κακῶς·
500 2631 579 2691 αὐτοὶ
597 2633 627 2691 δέ
641 2634 817 2710 Σπαρτιῆταί
831 2642 907 2711 φασι

108 2724 138 2776 ἐκ
159 2718 301 2795 δαιμονίου
320 2722 372 2795 μὲν
388 2717 497 2784 οὐδενός
514 2724 634 2797 μανῆναι
652 2723 821 2798 Κλεομένεα,
838 2722 907 2786 Σκό-

108 2807 176 2883 θῃσι
192 2806 222 2865 δὲ
238 2805 416 2884 ὁμιλήσαντά
433 2833 482 2884 μιν
499 2807 694 2886 ἀκρητοπότην
712 2810 843 2890 γενέσθαι
862 2810 908 2868 καὶ

108 2899 137 2951 ἐκ
154 2892 255 2954 τούτου
272 2899 402 2972 μανῆναι·
424 2894 534 2958 Σκύθας
550 2894 607 2976 γόρ
621 2897 687 2959 τούς
702 2897 831 2973 νομάδας,
846 2897 910 2955 ἐπεί

108 2981 138 3038 τέ
151 2986 207 3056 σφι
221 2985 342 3058 Δαρεῖον
355 2984 492 3058 ἐσβαλεῖν
506 2987 533 3045 ἐς
546 2981 599 3057 τὴν
612 2983 719 3061 χώρην,
731 2983 805 3058 μετὰ
821 2986 919 3038 παῖσα

105 3069 253 3142 μεμονέναι
270 3095 320 3148 μιν
339 3070 490 3132 τίσασθαι·
507 3071 684 3150 πέμψαντας
695 3061 950 3151 δεὶςῖἳῖᾞᾞρ

96 3158 269 3236 «Ῑυμμαχίην
286 3185 319 3220 τε
341 3160 505 3224 ποιέεσθαι
528 3161 581 3222 καὶ
603 3152 809 3219 συντῖδεσδαι
830 3144 871 3201 ως
880 3153 980 3226 ἾΨΨῚ

86 3240 131 3314 εν’1
151 3240 263 3311 αὐτούς
283 3251 344 3328 μὲν
366 3250 442 3317 τούς
459 3250 592 3317 Σκύθας
614 3243 706 3322 ποθὶ
723 3239 834 3296 anw
858 3224 1006 3280 ww„
