2024 3450
89 108 198 172 ,ιο-ιο]
392 108 596 160 τοτνιαοιυι.
861 108 890 155 13

88 190 160 252 νέας·
180 191 280 248 τοῦτον
299 186 335 248 ὧν
353 187 439 247 δοκέω
456 186 506 248 τόν
524 186 610 264 ἄνδρα
630 185 760 261 ποιήσειν
779 187 835 246 τῶν
855 183 889 246 ἂν

87 275 268 355 χρηΐζωμεν.”
281 280 369 336 ταῦτα
380 274 550 337 άκούσαντες
559 278 586 335 οἱ
596 274 699 345 Νάξιοι
708 273 889 352 προσέθεσαν

87 369 126 443 τῷ
145 363 336 443 Ἀρισταγόρῃ
360 364 501 442 πρήσσειν
524 360 543 441 ᾗ
568 361 678 423 δύναιτο
701 360 814 440 άριστα·
841 361 889 421 καὶ

88 452 263 532 ὑπίσχεσθαι
277 452 351 530 δῶρα
366 453 494 511 ε’κέλευον
512 453 557 509 καὶ
573 450 698 527 δαπάνην
710 455 746 529 τῇ
760 453 888 528 στρατιῇ,

88 538 123 603 οἷς
136 540 215 600 αὐτοὶ
229 540 417 602 διαλύσοντες·
439 539 554 601 ἐλπίδας
566 537 678 600 πολλάς
691 539 807 615 ἔχοντες,
822 537 889 597 ὅταν

88 628 260 704 ἐπιφανέωσι
274 633 301 691 ἐς
313 628 365 703 τήν
378 625 476 696 Νάξον
489 625 581 686 πάντα
593 624 722 699 ποιήσειν
735 623 800 688 τούς
811 623 888 694 Ναξ-

89 715 147 778 ίους
163 715 199 776 τά
216 714 251 777 άν
269 714 348 775 αὐτοὶ
368 714 510 783 κελεύωσι,
530 712 565 777 (ὐς
585 713 615 772 δὲ
635 712 682 771 καὶ
698 712 764 776 τούς
783 711 889 775 ἄλλους

89 802 235 877 νησιώτας·
258 802 386 883 τῶνγὰρ
407 802 500 877 νήσων
518 801 637 861 τουτέων
656 803 711 861 τῶν
732 798 888 860 Κυκλάδων

89 887 204 965 οὐδεμία
216 916 254 948 κω
267 889 301 966 ἧν
314 889 368 949 ὐπὸ
382 890 500 968 Δαρείῳ.
758 947 760 951 ,

128 975 311 1053 Ἀπικόμενος
320 978 349 1037 δὲ
359 977 375 1038 ὁ
385 976 589 1057 Ἀρισταγόρης
599 981 626 1039 ές
635 976 686 1040 τάς
699 975 800 1054 Σάρδις
809 977 886 1057 λέγει
895 978 931 1036 31

87 1063 158 1141 πρύς
171 1064 221 1126 τόν
233 1065 432 1143 Ἀρταφέρνεα,
446 1065 482 1127 οἷς
502 1064 596 1134 Νάξος
612 1065 655 1139 εἴη
667 1068 754 1139 νῆσος
768 1065 886 1145 μεγάθεϊ

87 1154 138 1226 μὲν
156 1152 188 1212 οὐ
209 1153 329 1234 μεγάλη,
348 1152 443 1216 άλλως
464 1152 493 1211 δὲ
515 1151 590 1227 καλή
609 1178 640 1212 τε
661 1152 708 1210 καὶ
725 1149 818 1232 οἷγαθή
839 1153 885 1211 καὶ

88 1239 179 1320 άγχού
190 1240 301 1317 Ἰωνίης,
312 1239 444 1320 χρήματα
454 1240 483 1299 δὲ
493 1241 532 1299 ἔνι
541 1240 646 1312 πολλά,
659 1241 705 1298 καὶ
715 1238 882 1316 άνδράποδα.

89 1338 105 1362 “
115 1327 152 1387 σύ
167 1327 204 1388 ὤν
216 1329 262 1388 ε’πὶ
274 1328 377 1404 ταύτην
385 1328 437 1403 τήν
449 1326 543 1406 χώρην
553 1325 744 1404 στρατηλάτεε
757 1326 885 1407 κατάγων

89 1421 115 1478 ἐς
138 1415 224 1492 αὐτήν
245 1417 310 1480 τούς
333 1414 461 1497 φυγάδας
484 1415 516 1484 ἐξ
538 1414 632 1490 αὐτῆς·
660 1415 707 1473 καὶ
729 1415 774 1475 τοὶ
797 1419 885 1475 ταῦτα

88 1503 238 1578 ποιήσαντι
249 1507 333 1563 τοῦτο
348 1504 400 1578 μέν
413 1507 474 1560 ε’στι
488 1505 586 1577 ἑτοῖμα
600 1500 665 1578 παρ’
680 1502 742 1577 ἐμοὶ
754 1501 886 1578 χρήματα

87 1589 200 1669 μεγάλα
231 1588 321 1666 πάρεξ
349 1592 405 1648 τῶν
434 1586 665 1663 άναισιμωμάτων
691 1590 728 1665 τῇ
757 1592 885 1666 στρατιῇ·

89 1675 187 1754 (ταῦτα
199 1674 314 1755 μὲνγὰρ
325 1675 417 1733 δίκαια
429 1672 517 1750 ήμέας
526 1674 591 1737 τούς
603 1673 721 1755 ἄγοντας
730 1675 885 1757 παρέχειν)

88 1766 171 1822 τοῦτο
179 1763 208 1821 δὲ
215 1762 317 1838 νήσους
324 1761 518 1840 προσκτήσεαι
525 1762 647 1836 βασιλέϊ
656 1760 885 1838 αὐτήντεΝάξον

89 1852 135 1909 καὶ
147 1848 198 1914 τάς
211 1855 241 1909 ἐκ
255 1849 355 1926 ταύτης
367 1849 531 1928 η’ρτημένας,
546 1850 644 1927 Πάρον
656 1876 688 1910 τε
704 1851 750 1927 καὶ
763 1849 885 1929 ’Ἀνδρον

88 1939 133 1998 καὶ
154 1937 252 2010 ἄλλος,
269 1938 320 2002 τὰς
339 1937 489 2001 Κυκλάδας
509 1939 689 2015 καλευμένας·
710 1939 835 2000 ἐνθεῦτεν
854 1940 884 1999 δὲ

87 2025 267 2104 ὐρμειόμενος,
276 2026 408 2089 εὐπετέως
421 2026 569 2101 ἐπιθήσεαι
581 2026 702 2106 Εὐβοίῃ,
712 2027 790 2106 νήσῳ
798 2029 883 2109 μεγά-

86 2120 124 2194 λη
133 2141 164 2175 τε
178 2116 224 2175 καὶ
237 2113 384 2191 εὐδαίμονι,
395 2113 445 2173 οὐκ
455 2113 592 2174 ἐλάσσονι
606 2113 724 2192 Κύπρου
738 2115 785 2173 καὶ
796 2115 884 2193 κάρτα

78 2203 194 2278 ,εὐπετέῖ
206 2204 357 2281 αἱρεθῆναι.
391 2200 539 2281 ἀποχρῶσι
555 2202 585 2262 δὲ
602 2200 700 2263 έκατύν
713 2202 771 2266 νέες
782 2202 884 2268 ταύτας

86 2290 180 2355 πάσας
196 2289 415 2371 χειριόσασθαι.”
448 2289 464 2349 ὁ
483 2290 513 2348 δὲ
529 2287 664 2367 ἀμείβετο
681 2288 765 2351 αὐτόν
776 2292 883 2351 τοῖσδε·

85 2390 102 2414 “
110 2378 148 2438 σύ
162 2384 190 2444 ές
203 2379 279 2440 οἶκον
290 2378 340 2440 τόν
352 2379 492 2455 βασιλέος
504 2377 640 2458 ἐξηγητής
652 2379 741 2460 γίνεαι
754 2381 884 2462 πρηγμά-

84 2492 139 2526 των
158 2465 277 2547 οἷγαθῶν,
294 2467 340 2526 καὶ
359 2471 448 2526 ταῦτα
468 2465 497 2525 εὐ
517 2467 674 2543 παραινέεις
693 2466 786 2526 πάντα
806 2467 885 2544 πλήν

83 2558 138 2614 τῶν
148 2558 215 2614 νεῶν
225 2557 275 2614 τοῦ
288 2553 417 2632 ἀριθμοῦ·
434 2551 495 2613 ἀντὶ
508 2553 538 2612 δὲ
548 2553 646 2614 έκατδν
656 2558 731 2624 νεῶν,
744 2555 887 2631 διηκόσιαί

83 2668 127 2703 τοι
147 2643 254 2719 ἑτοῖμοι
274 2643 385 2702 ἔσονται
404 2640 463 2719 ἅμα
482 2646 520 2720 τῷ
540 2643 608 2720 ἔαρι.
650 2641 692 2702 δεῖ
711 2643 741 2701 δὲ
758 2643 884 2704 τούτοισι

83 2731 130 2789 καὶ
147 2730 233 2791 αὐτόν
251 2730 380 2807 βασιλέα
397 2731 564 2791 συνέπαινον
582 2729 737 2812 γίνεσθαι.”
777 2731 811 2790 ‘0
831 2734 930 2808 μὲν32

83 2818 117 2894 δή
138 2816 343 2899 Ἀρισταγόρης
363 2818 399 2882 ὥς
418 2822 506 2878 ταῦτα
525 2816 629 2893 ήκουσε
649 2818 803 2897 περιχαρής
823 2821 883 2891 εἰύν,

82 2906 167 2983 οἷπήϊε
180 2912 208 2971 ές
219 2908 360 2983 Μίλητον·
377 2905 394 2967 ό
407 2906 437 2965 δὲ
449 2904 649 2984 Ἀρταφέρνης,
660 2906 695 2969 ὥς
706 2910 732 2966 οἱ
742 2907 884 2986 πέμψαντι

83 2999 112 3058 ές
135 2995 233 3060 Σοῦσα
255 2995 301 3054 καὶ
323 2994 469 3072 ὐπερθέντι
492 2995 528 3054 τά
552 2999 582 3053 ἔκ
605 2998 656 3054 τοῦ
678 2993 885 3074 Ἀρισταγόρεω

81 3080 223 3161 λεγόμενα
246 3082 412 3145 συνέπαινος
438 3081 485 3141 καὶ
512 3079 596 3146 αὐτδς
626 3085 750 3160 Δαρεῖος
775 3081 908 3157 ὶηένετςς

20 3225 22 3229 ,
81 3169 312 3252 παρεσκευάσατο
331 3172 386 3249 μὲν
407 3170 560 3251 διηκοσίας
580 3170 734 3252 τριήρεας,
747 3161 873 3226 πολλὸν
889 3159 933 3212 ἷζε

67 3255 157 3379 {affl
171 3256 276 3333 ὅμιλον
286 3263 432 3337 Περσέων
443 3291 480 3326 τε
497 3265 546 3327 καὶ
561 3267 622 3325 τῶν
639 3259 749 3321 ἄλλων
760 3243 952 3323 ΝΝΝὰἊΨ

88 3337 95 3354 ι
139 3344 153 3368 ,,
