2024 3450
74 111 212 176 113-119]
416 112 601 160 ΠΟΛΎΜΝῙΑ.
826 111 872 157 165

74 191 121 249 καὶ
133 195 188 250 τῶν
201 194 265 267 περὶ
277 191 310 248 τό
324 187 472 269 Πάγγαιον
486 188 549 265 ὄρος
563 192 706 248 οἰκεόντων
716 189 818 265 ὁμοίως
827 189 874 247 καὶ

74 283 129 338 τῶν
151 278 287 355 πρότερον
308 276 450 349 κατέλεξα,
471 275 536 339 ταῶς
555 279 606 352 μὲν
626 276 702 352 παρὰ
723 276 874 336 θάλασσαν

75 367 144 445 ἔχων
167 367 327 441 οἰκημένους
348 370 376 423 ἐν
398 365 481 440 νηυσὶ
505 365 746 441 στρατευομένους,
768 364 831 426 τοῦς
850 363 874 422 δ’

73 452 143 529 ὖπέρ
158 454 308 527 θαλάσσης
322 453 392 529 πεζῇ
405 452 562 527 ἑπομένους·
580 451 632 525 τήν
645 451 675 508 δὲ
688 450 751 509 ὁδόν
764 451 872 526 ταύτην,

61 545 110 631 9}
128 538 268 617 βασιλεῶς
285 540 391 614 Ξέρξης
407 539 457 598 τόν
475 537 598 615 στρατόν
613 537 713 612 ἤλασε,
728 535 792 595 οὔτε
808 564 873 618 συγ-

10 630 57 667 ,s‘
74 630 174 705 χέουσι
188 627 305 705 Θρήϊκες
319 626 374 684 οὔτ’
386 628 589 702 ἐπισπείρουσι,
603 624 741 700 σέβονταί
752 650 782 682 τε
791 625 874 706 μεγά-

75 720 131 777 λως
150 715 182 773 τῶ
203 715 287 791 μέχρι
306 717 379 788 ἐμεῦ.
420 712 469 776 Ὡς
487 713 516 772 δὲ
531 711 585 790 ἄρα
607 718 633 775 ἐς
650 711 701 788 τὴν
716 710 922 772 Ἀκανθον116

76 801 199 872 ἀπίκετο,
216 802 316 874 ξεινίην
329 825 360 858 τε
373 799 389 858 ό
404 801 520 878 Πέρσης
532 806 608 861 τοῖσι
620 799 794 861 Ἀκανθίοισι
808 826 874 876 προ-

77 885 137 940 εῖπε
156 882 201 940 καὶ
219 880 379 958 ἐδωρήσατό
398 889 489 958 σφεας
510 883 608 958 ἐσθῆτι
629 882 751 960 Μηδικῇ,
769 881 876 940 ἐπαίνεέ

76 995 107 1027 τε
123 969 208 1046 όρέων
225 968 323 1032 αὐτοῦς
341 970 501 1047 προθύμους
520 969 614 1034 ἐόντας
635 975 663 1034 ἐς
682 970 731 1030 τόν
748 969 874 1046 πόλεμον

77 1057 123 1115 καὶ
137 1059 169 1117 τό
184 1057 292 1140 ὄρυγμα
307 1057 419 1119 ἀκούων.

701 1148 709 1168 Ι

116 1144 167 1211 Ἐν,
184 1146 310 1225 ’Λκάνθῳ
330 1147 360 1206 δὲ
384 1147 477 1211 ε’όντος
498 1148 614 1225 Ξέρξεω,
637 1174 780 1223 συνηνεικε
800 1147 922 1208 ὖπά117

76 1234 179 1294 νούσου
192 1236 343 1295 ἀποθανεῖν
360 1235 410 1295 τόν
427 1240 585 1295 ἐπεστεῶτα
602 1241 652 1311 τῆς
668 1236 800 1313 διώρυχος
812 1234 876 1310 Ἀρ-

75 1326 202 1402 ταχαίην,
217 1323 331 1399 δόκιμον
345 1323 425 1383 ε’όντα
439 1322 515 1400 παρῶ
530 1324 620 1402 Ξέρξη
632 1324 677 1381 καὶ
690 1325 770 1402 γένος
781 1322 876 1400 Ἀχαι-

75 1411 195 1485 μενίδην,
209 1410 326 1489 μεγάθεΐ
342 1435 373 1468 τε
390 1413 527 1489 μέγιστον
546 1408 627 1468 ἐόντα
644 1408 877 1485 Περσέων-ἀπδ

76 1496 132 1576 γάρ
158 1497 240 1554 πέντε
265 1496 377 1573 πηχέων
406 1497 567 1571 βασιληίων
594 1495 715 1555 ἀπέλιπε
740 1496 879 1573 τέσσερας

77 1582 412 1656 δακτύλους-φωνέοντά
428 1609 459 1642 τε
477 1584 613 1662 μέγιστον
626 1582 784 1659 ἀνθρώπων·
806 1584 879 1643 ῶστε

77 1670 190 1746 Ξέρξεα,
208 1669 361 1747 συμφορὴν
381 1670 572 1745 ποιησάμενον
592 1670 727 1751 μεγάλην,
746 1671 878 1741 ἐξενεῖκαί

76 1782 108 1816 τε
124 1757 208 1816 αὐτόν
222 1757 364 1817 κάλλιστα
378 1759 423 1815 καὶ
441 1757 538 1835 θάψαι·
561 1759 732 1837 ἐτυμβοχόεε
751 1759 780 1818 δὲ
796 1764 878 1819 πῶσα

77 1845 96 1922 ἦ
110 1846 239 1923 στρατιή·
259 1847 347 1923 τούτῳ
361 1846 390 1904 δὲ
406 1849 444 1924 τῷ
456 1845 610 1925 Ἀρταχαίῃ
625 1847 724 1907 θύουσι
736 1846 879 1908 Ἀκάνθιοι

78 1940 108 1993 ἐκ
130 1935 299 2011 θεοπροπίου
320 1933 361 1996 ῶς
375 1933 451 2009 ἥρωϊ,
474 1935 690 2010 ἐπονομάζοντες
710 1934 742 1994 τδ
764 1933 875 2011 οὕνομα

77 2022 216 2096 βασιλευς
235 2026 287 2099 μὲν
309 2023 343 2098 δή
365 2022 479 2097 Ξέρξης,
501 2021 678 2097 ἀπολομένου
697 2021 876 2100 Ἀρταχαίεω,

78 2111 201 2170 ἐποιέετο
215 2110 377 2187 συμφορήν.
519 2134 520 2141 ’

120 2202 157 2258 Οἱ
170 2200 200 2258 δὲ
212 2199 411 2275 ὕποδεκόμενοι
424 2199 569 2276 Ἑλλήνων
586 2198 638 2274 τήν
654 2194 790 2276 στρατιὴν
811 2199 856 2258 καὶ
868 2201 928 2259 118

79 2287 260 2357 δειπνίζοντες
281 2288 389 2365 Ξέρξεα
410 2293 437 2350 ἐς
459 2293 515 2347 πᾶν
537 2291 623 2346 κακοῦ
645 2285 786 2361 ἀπικέατο,
808 2286 879 2348 οὕτω

79 2373 152 2434 ὥστε
174 2374 328 2435 ἀνάστατοι
349 2381 379 2434 ἐκ
400 2380 456 2436 τῶν
477 2376 568 2435 οἰκίων
590 2375 722 2456 ἐγίνοντο·
737 2373 817 2436 ’ὅκου
844 2401 878 2458 γε

80 2464 215 2521 Θασίοισι
228 2463 297 2540 ὑπὲρ
311 2469 366 2524 τῶν
380 2469 409 2523 ἐν
421 2467 457 2541 τῇ
470 2462 574 2541 ἠπείρῳ
588 2464 694 2522 πολίων
706 2467 761 2521 τῶν
775 2465 877 2539 σφετέ-

80 2574 135 2623 ρων
156 2550 331 2625 δεξαμένοισι
352 2551 404 2626 την
425 2552 535 2627 Ξέρξεω
555 2546 691 2627 στρατιὴν
712 2550 758 2608 καὶ
780 2551 879 2612 δειπνί-

81 2661 154 2695 σασι
166 2634 375 2713 Ἀντίπατροςό
388 2636 504 2720 Ὀργέος
517 2637 707 2715 ἀραιρημένος,
716 2641 772 2698 τῶν
786 2639 881 2700 ἀστῶν

81 2723 151 2802 ἀνὴρ
172 2724 284 2801 δόκιμος
304 2724 388 2802 ὁμοῖα
408 2729 446 2805 τῶ
459 2725 595 2802 μάλιστα,
610 2724 725 2796 ἀπέδεξε
739 2728 770 2789 ἐς
778 2727 812 2788 τό
826 2728 879 2787 δεῖ·

81 2837 162 2872 πνον,
177 2813 346 2890 τετρακόσια
373 2812 498 2875 τάλαντα
525 2813 657 2894 ἀργυρίου
683 2817 879 2891 τετελεσμένα.

80 2895 130 2962 Ὣς
152 2900 182 2959 δὲ
202 2902 407 2978 παραπλησίως
426 2900 472 2959 καὶ
490 2906 520 2965 ἐν
544 2904 612 2980 τῇσι
631 2899 739 2979 ἄλλῃσι
757 2900 860 2960 πόλισι
871 2904 929 2958 119

83 2990 109 3046 οἱ
130 2992 296 3053 ἐπεστεῶτες
316 2989 517 3051 ἀπεδείκνυσαν
535 2988 585 3050 τὸν
599 2988 704 3067 λόγον
726 2986 765 3042 τὶ)
776 2983 911 3058 ηὶυῗῑῖ·

79 3099 150 3134 πνον
164 3077 273 3139 τοιόνδε
286 3105 316 3140 τι
330 3081 452 3162 ἐγίνετο,
468 3079 517 3140 οἵα
532 3083 567 3138 ἐκ
578 3075 703 3136 πολλοῦ
723 3065 841 3160 χρέονται
863 3075 962 3176 παῖ)

70 3165 220 3238 ειθθβιένον
243 3169 292 3228 καὶ
318 3170 388 3250 περὶ
410 3172 536 3232 πολλοῦ
558 3159 755 3254 ἰτοιεῶλλενοῖἱ
781 3159 883 3201 “mm
903 3153 930 3198 δ
949 3158 1000 3250 ἐκ

63 3245 100 3310 ‘¹55
120 3251 267 3321 e’rv'oom
290 3258 435 3339 τάχιστα
456 3263 521 3321 τῶν
545 3250 690 3331 κηθίικιυι
712 3257 778 3297 ““W
800 3227 948 3290 mum
