2024 3450
123 117 170 164 ιιι
434 109 616 162 Ἧυοιοποι
845 111 928 176 [vn.

122 194 244 255 Σκιάθου
257 194 344 253 τεκαὶ
358 194 535 273 Μαγνησίης,
549 191 719 270 καλεόμενον
732 192 761 251 δέ
771 190 928 269 Μύρμηκα.

123 282 242 340 ἐνθαῦτα
258 284 284 340 οἱ
297 280 443 358 βάρβαροι
457 280 551 356 ἐπειδη
568 280 678 356 στήλην
691 282 774 340 λίθου
787 281 930 356 ἐπέθηκαν
1003 335 1006 339 .

122 369 288 445 κομίσαντες
302 369 347 426 ἐπὶ
359 369 392 428 τδ
406 370 486 445 ἕρμα,
495 368 662 446 ὁρμηθέντες
675 368 754 428 αὐτοὶ
765 372 795 426 ἐκ
803 368 926 445 Θέρμης,

122 455 156 518 ὥς
178 463 234 531 σφι
260 455 293 516 τό
321 456 447 533 ἐμποδών
475 456 600 536 ἐγεγόνεε
627 455 757 532 καθαρόν,
787 456 929 518 ἐπέπλεον

121 542 233 622 πάσῃσι
256 549 324 623 τῇσι
344 546 435 620 νηυσὶ,
458 543 552 604 ἕνδεκα
573 543 678 620 ἡμέρας
698 544 831 619 παρέντες
851 545 928 620 μετά

122 631 173 706 τήν
186 633 325 709 βασιλέος
341 633 471 701 ἐξέλασιν
489 636 519 689 ἐκ
537 633 656 707 Θέρμης·
678 631 710 690 τό
730 631 759 689 δέ
779 631 849 707 ἐρμα
867 640 928 708 σφι

122 719 310 800 κατηγήσατο,
323 719 367 779 ἐόν
378 724 407 779 ἐν
417 719 493 797 πόρῳ
507 719 643 796 μάλιστα,
656 717 785 794 Πάμμων
797 718 926 795 Σκύριος·

122 808 282 886 πανημερδν
295 808 324 866 δὲ
343 807 483 870 πλώοντες
499 810 526 866 οἱ
546 806 693 884 βάρβαροι
709 805 855 876 ἐξανύουσι
873 813 926 884 τῆς
941 870 944 873 ,

122 897 290 974 Μαγνησίης
303 896 394 972 χώρης
408 895 453 953 ἐπὶ
470 894 598 970 Σηπιάδα
616 921 647 953 τε
664 895 709 953 καὶ
727 894 777 953 τόν
794 897 927 974 αἰγιαλόν

121 981 170 1040 τόν
179 981 283 1057 μεταξδ
293 983 476 1056 Κασθαναίης
485 1007 517 1040 τε
524 981 626 1043 πόλιος
636 981 716 1041 ἐόντα
727 982 773 1039 καὶ
782 981 925 1056 Σηπιάδος

123 1067 218 1142 άκτῆς.

76 1157 132 1214 184
162 1156 256 1234 Μέχρι
282 1155 334 1231 μέν
359 1181 407 1214 νυν
432 1154 531 1215 τούτου
554 1159 604 1214 τοῦ
630 1156 722 1234 χώρου
748 1156 793 1214 καὶ
817 1163 925 1235 Θερμο-

121 1245 238 1314 πυλέων,
253 1243 364 1318 άπαθής
380 1269 411 1302 τε
428 1246 518 1302 κακῶν
534 1242 568 1318 ἦν
582 1242 598 1302 ὁ
612 1242 740 1320 στρατός,
755 1244 801 1300 καὶ
813 1246 926 1319 πλῆθος

120 1331 156 1406 ἦν
175 1337 324 1407 τηνικαῦτα
344 1333 391 1401 ἔτι,
407 1330 441 1394 ώς
462 1330 515 1412 ἐγώ
535 1330 776 1407 συμβαλλόμενος
796 1330 924 1407 εὑρίσκω,

120 1419 217 1480 τόσον·
237 1425 292 1480 τῶν
309 1423 361 1496 μὲν
380 1425 409 1478 ἐκ
428 1423 482 1479 τῶν
499 1423 566 1479 νεῶν
579 1422 633 1478 τών
647 1423 676 1477 ἐκ
690 1423 740 1495 τῆς
752 1417 851 1494 Ἀσίης
865 1425 925 1480 ἐου-

122 1509 194 1569 σέων
215 1509 284 1568 ἐπτά
305 1510 350 1567 καὶ
371 1508 532 1583 διηκοσιέων
553 1508 599 1565 καὶ
615 1507 735 1586 χιλιέων,
749 1506 798 1566 τόν
811 1510 863 1584 μὲν
876 1508 925 1586 α’ρ-

120 1601 202 1674 χαῖον
224 1596 347 1656 ἑκάστων
367 1600 422 1656 τῶν
444 1596 542 1656 ἐθνέων
563 1593 644 1654 ἐόντα
665 1594 765 1670 ὅμιλον
785 1596 925 1672 τέσσερας

122 1684 168 1742 καὶ
183 1686 271 1744 ε’ίκοσι
287 1684 428 1762 μυριάδας,
444 1685 489 1742 καὶ
505 1684 582 1759 πρός,
596 1682 711 1760 χιλιάδα
725 1708 755 1742 τε
769 1682 814 1740 καὶ
828 1708 925 1759 τετρα-

121 1774 241 1842 κοσίους,
256 1773 291 1836 ώς
309 1773 362 1833 α’νά
378 1773 536 1847 διηκοσίους
553 1770 653 1847 ἄνδρας
669 1771 878 1849 λογιζομένοισι
896 1777 925 1832 ἐν

122 1858 226 1936 ἑκάστῃ
248 1861 300 1935 νηΐ·
322 1859 492 1935 ἐπεβάτευον
513 1859 542 1917 δὲ
563 1859 608 1916 ἐπὶ
632 1859 748 1916 τουτέων
769 1861 824 1916 τῶν
846 1864 924 1930 νεών,

120 1947 204 2025 χωρὶς
223 1948 346 2008 ἑκάστων
363 1952 417 2006 τῶν
436 1947 596 2028 ἐπιχωρίων,
617 1947 771 2021 ἐπιβατέων
789 1949 926 2021 Περσέων

121 2060 152 2093 τε
173 2036 219 2094 καὶ
238 2035 344 2111 Μήδων
364 2035 410 2094 καὶ
428 2035 538 2099 Σακέων
555 2032 703 2111 τριήκοντα
717 2030 821 2108 ἄνδρες·
843 2031 926 2099 οὗτος

120 2123 209 2186 άλλος
230 2123 328 2201 ὅμιλος
348 2125 454 2203 γίνεται
476 2121 636 2201 τρισμύριοι
658 2121 703 2178 καὶ
727 2121 924 2197 ἑξακισχίλιοι,

121 2211 166 2267 καὶ
189 2212 266 2288 πρὸς,
286 2211 426 2286 διηκόσιοί
443 2235 474 2268 τε
497 2211 543 2267 καὶ
565 2210 639 2268 δέκα·
661 2207 817 2286 προσθήσω
839 2207 862 2266 δ’
884 2212 926 2270 ἔτι

119 2297 206 2374 τούτῳ
225 2299 270 2355 καὶ
290 2302 328 2375 τῷ
345 2297 469 2374 προτέρῳ
488 2295 595 2374 άριθμῷ
616 2295 681 2360 τούς
702 2303 732 2355 ἐκ
753 2299 807 2355 τῶν
825 2317 933 2374 πεντη-·

120 2386 262 2459 κοντέρων,
276 2383 406 2457 ποιήσας,
421 2382 436 2442 ὅ
450 2408 477 2442 τι
490 2384 578 2442 πλέον
591 2383 625 2458 ἦν
638 2384 741 2443 αὐτέων
754 2382 772 2459 ἦ
787 2384 924 2462 ἔλασσον,

122 2469 163 2528 ἀν’
179 2469 337 2550 ὀγδώκοντα
358 2469 457 2546 ἄνδρας
478 2473 585 2530 ἐνεῖναι·
607 2473 764 2549 συνελέχθη
786 2471 815 2530 δὲ
834 2476 925 2531 ταῦτα

118 2557 154 2616 τά
175 2560 270 2625 πλοῖα,
294 2557 328 2620 ώς
352 2559 397 2616 καὶ
419 2556 554 2634 πρότερόν
572 2583 621 2632 μοι
644 2559 742 2634 εἰρέθη,
766 2560 924 2636 τρισχίλια·

119 2642 172 2719 ἤδη
191 2643 228 2703 ὧν
245 2643 341 2722 ἅνδρες
360 2645 394 2704 ἂν
413 2645 467 2703 εἶεν
484 2650 513 2703 ἐν
527 2643 638 2704 αὐτοῖσι
652 2646 784 2721 τέσσερες
793 2646 925 2722 μυριάδες

119 2732 165 2789 καὶ
180 2731 274 2790 εἴκοσι.
309 2737 393 2792 τοῦτο
405 2733 457 2808 μέν
471 2759 518 2791 νυν
530 2732 563 2791 τό
578 2737 607 2790 ἐκ
620 2736 671 2806 τῆς
683 2731 783 2806 Ἀσίης
796 2735 925 2795 ναυτικόν

119 2817 162 2893 ἦν,
171 2818 287 2896 σύμπαν
298 2819 343 2879 ἐόν
353 2818 524 2894 πεντήκοντα
533 2818 663 2896 μυριάδες
672 2819 718 2876 καὶ
727 2820 788 2895 μία,
799 2821 925 2899 χιλιάδες

119 2933 150 2966 τε
172 2907 262 2966 ἔπεισι
284 2906 330 2966 ἐπὶ
346 2906 465 2985 ταώτησι
484 2905 562 2975 ἑπτά,
581 2908 627 2965 καὶ
648 2906 727 2983 πρός,
748 2908 925 2974 ἑκατοντάδες

120 2995 158 3064 ἐξ,
172 2995 218 3053 καὶ
232 2993 320 3058 δεκάς.
355 2998 405 3054 τοῦ
416 2994 445 3053 δὲ
458 2994 544 3064 πεζοῦ
558 2994 753 3072 ἐβδομήκοντα
767 2998 812 3055 καὶ
826 2996 925 3056 ἑκατόν

118 3083 249 3160 μυριάδες
270 3084 403 3165 ἐγίνοντο·
437 3086 493 3143 τών
514 3083 544 3142 δέ
565 3085 669 3144 ἱππέων
691 3084 763 3144 ὀκτώ
783 3082 923 3161 μυριάδες·

110 3170 273 3248 προσθήσω
292 3171 317 3234 δ’
330 3173 371 3236 ἐπι
387 3171 515 3236 τούτοισι
531 3173 581 3236 τὰς
602 3173 744 3250 καμήλους
759 3171 825 3232 τούς
842 3170 924 3228 ἐλαύ-

95 3280 203 3324 νοντας
215 3259 384 3343 Ἂραβιους,
393 3266 443 3327 καὶ
453 3264 521 3330 τούς
530 3262 569 3326 τὰ
576 3261 693 3341 ἅρματα
702 3255 944 3333 Msswwffixssoz
