2024 3450
125 117 156 162 οι
219 142 223 149 ·
433 113 616 162 Ἧνοιουου
860 111 922 177 [vl.

123 191 178 270 γοὶρ
196 190 414 271 συνεγινώσκετο
428 189 510 252 αὐτὸς
523 189 627 249 τούτων
641 188 710 248 εἶναι
720 188 814 264 αἴτιος,
826 193 925 272 γαμέει

124 280 219 354 τρίτην
241 283 367 359 γυναῖκα·
396 276 447 337 ὧδε
468 278 497 336 δὲ
518 274 688 356 γαμέει·’ἧν
712 280 738 338 οἶ
763 281 847 354 φίλος
870 285 925 340 τῶν

126 366 320 442 Σπαρτιητέων
342 364 420 442 α’νὴρ,
438 369 476 443 τῷ
496 365 665 440 προσεκέετο
688 369 742 424 τῶν
761 365 855 426 ἀστῶν
872 371 925 444 μά-

125 457 212 512 λιστα
231 451 247 511 ὅ
265 452 410 529 Ἀρίστων·
431 452 519 530 τούτῳ
534 457 573 530 τῷ
591 451 668 528 άνδρὶ
688 452 821 532 ἐτύγχανε
839 459 923 514 έοῦσα

124 540 193 620 γυνη
208 541 350 616 καλλίστη
362 544 458 619 μακρῷ
470 544 524 600 τῶν
538 544 567 599 ἑν
581 539 697 618 Σπάρτη
711 545 857 621 γυναικῶν·
879 545 925 602 καὶ

124 633 212 689 ταῦτα
224 629 319 705 μέντοι
332 627 474 703 καλλίστη
489 627 520 697 ἐξ
535 629 686 705 αἰσχίστης
699 629 844 707 γενομένη·
867 635 925 689 εὀῦ-

125 742 180 776 σαν
196 715 318 797 γάρνμιν
335 715 368 775 τῦ
387 714 458 777 εἶδος
475 714 605 791 φλαύρην
618 713 636 790 ἦ
650 713 757 792 τροφάς
771 713 864 790 αὐτῆς,
879 717 925 777 οἶα

125 803 275 881 α’νθροίπων
286 829 318 863 τε
330 801 438 877 ὀλβίων
454 802 593 883 θυγατέρα
606 803 653 860 καὶ
666 803 793 862 δυσειδέα
814 808 924 875 έοῦσαν,

125 891 195 963 πρδς
209 892 238 950 δὲ
252 891 298 949 καὶ
312 889 432 966 ὄρέουσα
451 889 516 952 τοῦς
527 891 626 970 γονέας
641 891 795 967 συμφορὴν
806 891 839 951 τδ
854 891 925 957 εἶδος

126 977 210 1052 αὐτῆς
225 977 412 1052 ποιευμένους,
425 975 513 1036 ταῦτα
531 979 636 1037 ἑκαστα
652 978 792 1054 μαθοῦσα,
808 980 925 1057 ἐπιφρά-

127 1061 201 1134 ζεται
223 1064 324 1124 τοιάδε·
346 1063 446 1141 ε’φάρεε
468 1064 554 1140 αύτήν
579 1063 631 1124 άνά
654 1069 752 1124 πᾶσαν
774 1065 879 1141 ἡμέρην
897 1072 924 1131 ές

124 1151 157 1211 τὸ
175 1156 225 1227 τῆς
237 1151 353 1228 Ἑλένης
375 1151 443 1229 ἶρόν·
463 1151 497 1212 τὸ
516 1151 539 1210 δ’
554 1152 614 1212 ἑστι
633 1157 662 1211 ε’ν
679 1155 715 1229 τῇ
729 1152 859 1230 Θεράπνη
878 1180 924 1212 κα-

123 1241 242 1320 λευμένη
255 1240 357 1317 ὕπερθε
369 1243 419 1299 τοῦ
432 1241 570 1316 Φοιβηίου
584 1243 654 1318 ἱροῦ.
689 1239 758 1303 ὅκως
772 1241 802 1298 δὲ
816 1243 925 1301 ἐνείκειε

124 1327 143 1402 ἡ
160 1329 274 1405 τροφός,
287 1327 357 1406 πρός
377 1353 408 1388 τε
425 1328 562 1410 τῶγαλμα
578 1328 644 1388 ἵστα
658 1328 704 1386 καὶ
719 1329 852 1386 ἐλίσσετο
872 1328 925 1404 τὴν

124 1415 188 1476 θεδν
204 1415 367 1486 άπαλλάξαι
382 1421 432 1492 τῆς
451 1417 628 1493 δυσμορφίης
640 1414 673 1474 τῦ
690 1415 809 1474 παιδίον·
831 1417 876 1473 καὶ
889 1415 924 1493 δή

125 1531 188 1564 κοτε
201 1504 324 1586 ἀπιούσῃ
339 1510 368 1564 ε’κ
382 1509 432 1564 τοῦ
447 1508 509 1581 ἱροῦ
522 1508 558 1583 τῇ
571 1507 668 1582 τροφῷ
680 1506 798 1584 γυναῖκα
811 1504 924 1583 λέγεται

124 1597 299 1670 ε’πιφανῆναι,
314 1597 499 1669 ἐπιφανεῖσαν
520 1593 549 1651 δὲ
568 1591 731 1668 ε’πείρεσθαί
741 1616 790 1666 μιν
804 1589 819 1648 ὅ
832 1616 860 1650 τι
874 1593 923 1667 φέ-

121 1687 203 1757 ρει-έν
212 1686 248 1760 τῇ
258 1681 382 1762 άγκάλη;
405 1682 451 1740 καὶ
463 1680 515 1756 τήν
525 1679 635 1756 φράσαι
642 1679 684 1742 οἷς
697 1678 807 1736 παιδίον
818 1680 923 1754 φορέει·

124 1768 176 1843 τὴν
194 1769 223 1826 δὲ
237 1770 372 1827 κελεῦσαί
384 1771 410 1826 οἶ
429 1769 524 1836 δεῖξαι·
545 1766 597 1842 τὴν
611 1767 641 1825 δὲ
654 1766 686 1826 οὗ
700 1765 796 1841 φάναι,
811 1764 924 1843 άπειρῆ-

123 1855 192 1914 σθαι
207 1854 262 1933 γάρ
277 1857 303 1911 οἶ
316 1859 346 1912 ἑκ
360 1858 414 1913 τῶν
427 1854 595 1934 γειναμένων
614 1854 711 1929 μηδενὶ
732 1853 924 1913 ἐπιδεικνύναι·

123 1940 174 2016 τὴν
195 1941 225 2000 δὲ
245 1940 353 2002 πάντως
370 1943 457 2017 ἑωυτῇ
471 1938 592 1997 κελεύειν
605 1939 747 2006 ἐπιδεῖξαι·
769 1939 881 2014 ὁρῶσαν
895 1942 925 2002 δὲ

122 2028 174 2105 τήν
191 2034 308 2111 γυναῖκα
329 2029 392 2104 περὶ
412 2029 525 2084 πολλοῦ
545 2025 710 2100 ποιευμένην
728 2024 836 2082 ἰδέσθαι
853 2028 925 2089 οὕτω

123 2118 156 2194 δή
169 2118 220 2194 τήν
233 2118 341 2195 τροφδν
355 2115 441 2184 δεῖξαι
454 2113 487 2172 τῦ
501 2112 622 2172 παιδίον·
643 2111 694 2189 τὴν
709 2112 738 2171 δὲ
752 2117 925 2191 καταψῶσαν

122 2209 172 2264 τοῦ
196 2206 306 2264 παιδίου
329 2202 381 2278 τήν
405 2200 532 2276 κεφαλὴν
558 2200 640 2271 εἶπαι,
665 2201 701 2264 οἷς
724 2203 924 2264 καλλιστεύσει

122 2294 234 2351 πασέων
246 2295 301 2351 τῶν
315 2295 344 2349 έν
358 2288 474 2368 Σπάρτη
486 2294 629 2368 γυναικῶν.
674 2289 730 2348 α’πό
745 2292 796 2364 μὲν
811 2289 844 2365 δή
858 2293 923 2351 τού·

122 2404 172 2454 της
188 2382 238 2453 τῆς
255 2377 361 2454 η’μέρης
378 2379 560 2454 μεταπεσέειν
579 2377 613 2437 τδ
633 2377 713 2440 εἶδος·
734 2378 832 2457 γαμέει
847 2378 876 2436 δὲ
889 2380 924 2456 δή

121 2491 169 2542 μιν
183 2471 210 2529 ές
223 2465 315 2546 γάμου
330 2464 403 2543 ὤρην
415 2464 586 2542 α’πικομένην
598 2464 722 2546 Ἀγητος
735 2464 750 2524 ὁ
764 2463 922 2537 Ἀλκείδεω,

75 2555 113 2613 62
123 2552 202 2615 οὗτος
213 2553 246 2629 δὴ
262 2552 337 2613 ὁτοῦ
349 2552 515 2631 Ἀρίστωνος
526 2555 621 2629 φίλος.
657 2553 713 2613 Τῦν
724 2553 753 2611 δὲ
766 2551 923 2629 Ἀρίστωνα

123 2642 209 2712 ἔκνιζε
230 2639 283 2717 άρα
300 2645 350 2716 τῆς
367 2642 497 2723 γυναικῦς
514 2641 616 2718 ταύτης
634 2640 650 2701 ὅ
667 2641 742 2717 ἑρως·
762 2645 923 2719 μηχανᾶται

123 2727 156 2804 δή
178 2727 281 2788 τοιάδε·
302 2727 386 2792 αὐτάς
402 2755 434 2789 τε
453 2734 491 2808 τῷ
513 2729 610 2808 ἑταίρῳ
626 2732 677 2789 τοῦ
690 2727 725 2804 ἦν
738 2727 756 2804 ηι
769 2728 839 2809 γυνη
853 2729 922 2805 αὕτη

121 2815 283 2876 ύποδέκεται
297 2816 411 2892 δωτίνην
429 2817 528 2876 δώσειν
539 2820 594 2876 τῶν
611 2819 710 2875 ἑωυτοῦ
723 2816 833 2876 πάντων
847 2816 876 2875 ἑν
888 2817 921 2876 τῦ

122 2902 155 2965 άν
176 2903 259 2967 αύτὸς
280 2907 383 2967 ε’κεῖνος
400 2905 504 2980 ἑληται,
519 2903 565 2961 καὶ
578 2903 627 2963 τὸν
640 2907 748 2980 ἑταῖρον
762 2906 849 2982 ἑωυτῷ
865 2906 920 2962 ε’κέ-
959 2966 963 2978 Ι

112 2997 183 3052 λευε
195 2990 331 3056 ω’σαύτιυς
348 2991 400 3070 την
414 2990 515 3067 ὁμοίην
528 2990 640 3050 διδόναι·
662 2990 678 3050 ὁ
692 2991 722 3050 δὲ
736 2990 814 3050 οῦδὲν
828 2993 920 3068 φοβη-

98 3079 160 3140 θείς
178 3081 261 3157 αμφὶ
283 3086 323 3163 τῇ
344 3082 466 3167 γυναικὶ,
486 3079 574 3160 ὁρέων
594 3084 695 3139 έοῦσαν
720 3078 930 3152 καιἊρίστωυι

80 3170 219 3238 mustra,
247 3173 399 3235 καταινέει
426 3175 533 3234 ταῦτα·
564 3169 615 3231 ἐπὶ
636 3165 771 3229 τοίποισι
791 3163 825 3220 δε
845 3161 949 3236 δρκους

65 3246 251 3318 ἐπἤλασαν·
268 3264 357 3340 μετά
381 3264 427 3341 δὲ,
453 3260 550 3328 αὖτίς
577 3285 614 3322 τε
633 3254 670 3340 λδ
693 3245 862 3328 ’δρῖσῒωνλ
877 3246 968 3302 '‘M“
