2024 3450
115 108 224 174 16-19]
420 109 626 162 υκευικονσ.
901 111 917 165 ι

114 188 266 266 μέταλλον,
281 191 313 263 ἐξ
326 189 358 253 οὗ
371 192 492 268 ὕστερον
508 189 615 250 τούτων
627 187 769 250 τόλαντον
785 187 918 271 ἅργυρίου

115 274 288 359 Ἀλεξάνδρῳ
314 279 420 358 ἡμέρης
450 277 569 352 ἑκάστης
587 274 697 353 ἐφοίτα·
730 277 802 355 μετὰ
827 278 858 337 δέ
884 277 917 339 τό

114 364 267 440 μέταλλον,
296 367 432 445 Δύσωρον
460 363 630 441 καλεόμενον
650 364 731 442 ούρος
750 364 915 443 ύπερβιίντα

116 451 185 512 εἶναι
202 457 231 513 ἐν
246 455 417 534 Μακεδονίῃ.
460 456 496 512 Οἱ
517 450 555 511 ὧν
570 454 682 529 Πέρσαι
699 456 725 512 οἱ
743 453 917 530 πεμφθέντες
927 455 963 514 18

116 537 194 600 ούτοι
216 542 293 620 παρὰ
314 542 363 603 τόν
382 541 523 620 Ἀμύντην
541 538 576 601 οἷς
594 538 736 609 α’πίκοντο,
757 542 849 601 αἴτεον
869 545 913 601 ἐλ-

117 627 212 692 θόντες
230 635 258 694 ἐς
279 628 346 708 ὄψιν
368 629 421 705 τήν
439 627 580 705 Ἀμύντεω
599 627 708 706 Δαρείῳ
724 627 844 703 βασιλέϊ
862 632 917 708 γῆν

116 741 147 774 τε
158 716 204 775 καὶ
213 715 296 794 ὕδωρ·
314 717 371 778 ὁδέ
384 716 471 777 ταΰτό
483 741 514 776 τε
528 714 627 784 ἐδίδου,
641 713 690 772 καί
701 721 793 791 σφεας
807 714 852 774 ἐπὶ
865 715 917 784 ξεί·

116 828 161 861 νια
181 805 284 862 καλέει·
308 802 594 882 παρασκευασάμενος
615 803 645 862 δὲ
665 802 776 863 δεῖπνον
794 807 915 883 μεγαλα·

73 899 80 915 “
119 892 227 965 τρεπές,
249 891 355 951 ἐδέκετο
375 891 440 956 τούς
460 892 576 969 Πέρσας
596 889 784 967 φιλοφρόνως.
827 889 863 954 οἷς
886 890 916 951 δέ

116 975 172 1037 οἶπό
191 977 302 1039 δείπνου
320 980 455 1060 ἐγένοντο,
472 979 643 1041 διαπίνοντες
660 978 741 1037 εἶπον
758 981 785 1037 οἱ
803 978 917 1056 Πέρσαι

115 1063 190 1124 τόδε·
201 1076 230 1121 .“
238 1066 309 1135 ξεῖνε
327 1065 472 1138 Μακεδολν,
486 1065 554 1144 ἡμῖν
572 1065 656 1142 νόμος
673 1065 734 1126 ἐστὶ
746 1069 824 1126 τοῖσι
842 1067 914 1145 Πέρ-

115 1177 195 1230 σῃσι,
209 1154 293 1213 ἐπεοὶν
305 1154 415 1215 δεῖπνον
428 1153 624 1232 προτιθώμεθα
635 1153 718 1234 μέγα,
731 1153 795 1214 τότε
807 1154 854 1214 καὶ
865 1153 916 1218 τὰς

117 1240 264 1305 παλλακὰς
276 1243 323 1302 καὶ
334 1241 385 1306 τός
395 1242 532 1319 κουριδίας
538 1245 670 1322 γυναῖκας
683 1240 838 1322 ἐσάγεσθαι
853 1268 923 1320 παρ-

116 1328 219 1405 έδρους·
260 1329 298 1389 σύ
314 1355 371 1401 νυν,
390 1330 503 1407 ἐπείπερ
520 1328 670 1407 προθύμως
685 1331 737 1406 μὲν
755 1329 850 1400 ἐδέξαο
867 1355 916 1407 με·

116 1415 208 1493 γόλως
220 1417 250 1476 δὲ
263 1417 393 1488 ξεινίζεις,
406 1417 491 1480 διδοῖς
502 1442 533 1477 τε
546 1417 667 1492 βασιλέϊ
685 1417 793 1494 Δαρείῳ
811 1420 866 1496 γῆν
882 1441 915 1477 τε

117 1503 162 1560 καὶ
174 1503 255 1580 ὕδωρ,
270 1505 334 1562 ἐπεο
351 1503 427 1580 νόμῳ
443 1508 481 1580 τῷ
494 1500 643 1579 ἦμετέρῳ·”
665 1501 725 1560 εἶπε
741 1502 811 1577 πρός
825 1505 913 1562 ταῦτα

117 1586 262 1663 Ἀμύντης·
283 1588 331 1646 “οἰ
347 1589 468 1663 Πέρσαι,
482 1587 567 1664 νόμος
581 1589 634 1662 μὲν
649 1586 717 1663 ἡμῖν
732 1587 768 1666 γέ
784 1592 846 1646 ἐστι
864 1587 914 1648 ούκ

47 1735 52 1746 ,
117 1672 205 1743 οὗτος,
227 1672 304 1733 ἄλλό
325 1674 494 1753 κεχωρίσθαι
514 1673 614 1751 ἄνδρας
633 1677 780 1754 γυναικοῖν·
804 1675 915 1736 ἐπείτε

117 1762 147 1821 δὲ
159 1761 238 1838 ύμεῖς
251 1760 342 1824 ἐόντες
351 1759 487 1821 δεσπόται
496 1760 691 1840 προσχρῄζετε
703 1763 830 1833 τουτέων,
844 1789 914 1840 παρ-

117 1850 197 1909 έσται
216 1848 282 1925 ύμῖν
300 1848 346 1909 καὶ
362 1847 475 1909 ταῦτα.”
500 1849 577 1913 εἴπας
593 1855 721 1910 τοσαῦτα
741 1849 757 1909 ό
775 1849 914 1928 Ἀμύντης
962 1917 965 1922 ,

114 1937 306 2014 μετεπέμπετο
314 1936 364 2000 τός
381 1931 522 2017 γυναῖκας·
546 1940 576 1996 αἱ
589 1936 612 1997 δ’
627 1939 690 1997 ἐπεί
697 1964 729 1998 τε
747 1939 913 2016 καλεόμεναι

114 2022 210 2100 ἦλθον,
225 2023 324 2099 ἐπεξῆς
336 2023 427 2084 α’ντίαι
441 2021 531 2095 ἵζοντο
543 2029 620 2085 τοῖσι
634 2026 777 2103 Πέρσῃσι·
786 2027 913 2086 ἐνθαῦτα

114 2115 141 2171 οἱ
151 2113 262 2189 Πέρσαι
277 2111 397 2188 ἰδόμενοι
409 2115 541 2193 γυναῖκας
555 2111 721 2190 εύμόρφους,
736 2114 833 2192 ἔλεγον
841 2113 912 2190 πρός

113 2197 251 2276 Ἀμύντην
274 2198 396 2275 φάμενοι
418 2199 476 2259 “τδ
499 2200 615 2275 ποιηθὲν
636 2204 720 2260 τοῦτο
744 2199 822 2260 ούδέν
843 2201 912 2261 εἶναι

113 2286 217 2363 σοφόν·
239 2287 362 2364 κρέσσον
382 2287 437 2368 γόρ
458 2287 529 2347 εἶναι’
546 2286 669 2367 α’ρχῆθεν
689 2287 729 2364 μή
751 2289 843 2349 ἐλθεῖν
862 2289 913 2354 τός

113 2379 289 2453 γυναῖκας,η
270 2373 450 2451 ἢέλθούσας
470 2376 516 2435 καὶ
538 2374 579 2452 μή
605 2376 836 2453 παριζομένας’
818 2378 913 2441 αντίας

113 2462 221 2532 ἵζεσθαι
235 2462 393 2543 ἀλγηδόνας
410 2469 467 2539 σφι
485 2461 668 2539 όφθαλμῶνθ
688 2462 914 2543 ἀναγκαζόμενος

113 2548 172 2607 δὲ
155 2576 171 2608 ο
187 2548 325 2624 Ἀμύντης
340 2547 592 2628 ἐκέλευεπαρίζειν
611 2551 796 2661 πειθομεγέων
809 2552 839 2613 δὲ
857 2557 913 2613 τῶν

111 2633 305 2716 γυναικῶν,’
271 2636 369 2696 αυτίκα
382 2663 408 2697 οι
399 2638 534 2714 ‘uiperae
545 2641 662 2714 μαστῶν
677 2665 708 2698 τε
721 2638 852 2709 ἅπτοντο,
867 2640 913 2700 οἶα

111 2723 234 2786 πλεύνως
248 2724 398 2800 οἰνωμένοι,
413 2724 462 2784 καί
472 2751 521 2784 κου
533 2750 575 2787 τις
589 2725 635 2785 καὶ
648 2727 757 2802 φιλέειν
771 2731 909 2804 ἐπειρᾶτο·

111 2809 248 2888 Ἀμύντης
262 2813 314 2888 μὲν
333 2811 366 2887 δὴ
384 2816 472 2873 ταῦτα
490 2812 575 2890 όρέων
588 2812 709 2891 α’τρέμας
727 2815 784 2894 εἶχε
798 2814 910 2892 καίπερ
921 2816 958 2874 19

111 2897 287 2976 δυσφορέων,
297 2898 343 2958 οἶα
355 2898 571 3009 ύπερδειμαίγων
589 2899 655 2964 τούς
668 2903 794 2979 Πέρσας·
814 2901 911 2972 Ἀλέξ-

111 2985 208 3064 ανδρος
218 2985 274 3046 δὲ’
257 3013 273 3046 ο
284 2985 425 3063 Ἀμύντεω
434 3013 544 3064 παρεων
553 3014 584 3048 τε
599 2989 645 3047 καὶ
658 3015 743 3065 ορεων
751 3015 848 3056 ταυτα,
862 2988 913 3046 ἅτε

111 3073 170 3136 νέος
182 3099 214 3134 τε
226 3072 277 3134 ἐων
292 3074 337 3131 καὶ
351 3078 441 3134 κακῶν
454 3074 578 3152 απαθης,
596 3072 751 3152 ουδαμως
743 3099 789 3132 ετι
801 3073 936 3140 κατέχειν

109 3159 167 3222 οἶός
177 3185 209 3220 τε
218 3187 263 3237 ην
277 3160 352 3224 ὥστε
362 3163 393 3224 δὲ
376 3162 520 3277 βαρέως
530 3162 667 3243 φέρων
644 3181 802 3234 ειτεττρος
800 3147 971 3221 NJWQ

98 3245 174 3304 τοδε·
196 3248 262 3310 “ov
280 3253 349 3328 μὲν,
369 3251 394 3314 ὦ
416 3254 527 3334 πάτερ,
550 3253 615 3315 εἶκε
637 3275 681 3327 τη
699 3240 819 3321 fimus
837 3233 939 3290 <mm
920 3235 1001 3279 W
