2024 3450
84 109 192 174 ιτ-οο]
409 113 562 164 οιτιαικ.
834 113 880 162 ιιι

82 191 134 265 μὲν
153 190 241 266 ἠπίως
259 190 330 266 πρός
348 188 399 251 τδν
418 192 569 268 Κορίνθιον
589 191 736 272 ἀμείψατο·
763 191 833 270 πρός
853 192 882 251 δὲ

82 276 132 336 τόν
162 276 339 355 Εὐρυβιάδεα
365 279 448 360 ἔλεγε
478 280 586 338 ἐκείνων
609 283 661 356 μὲν
684 280 776 341 οὖκέτι
803 279 881 340 οιίδέν

82 367 137 423 τῷν
156 365 292 443 πρότερον
311 366 474 444 λεχθέντων,
497 365 532 428 ὦς
555 367 638 426 ε’πεάν
661 365 801 446 ἀπαίρωσι
825 366 881 428 ἀπά

83 452 251 529 Σαλαμῖνος,
268 452 474 530 διαδρήσονται·
501 452 658 530 παρεόντων
671 454 725 534 γάρ
742 459 797 515 τῶν
812 481 880 531 <rupe

81 538 179 618 μάχων
205 540 255 600 οὐκ
283 540 367 618 ἔφερέ
389 543 416 599 οἰ
440 540 548 618 κόσμον
571 539 668 601 οὐδένα
695 542 880 622 κατηγορέειν·

82 624 97 684 ὁ
115 626 144 685 δὲ
162 622 253 686 ἄλλου
269 626 359 708 λόγου
378 628 477 707 εἴχετο,
491 628 581 708 λέγων
598 627 674 688 τάδε·
695 639 713 664 “
722 633 751 688 ἐν
769 628 818 686 σοὶ
832 631 881 688 νῦν

82 714 144 772 ἐστὶ
165 718 260 774 σῷσαι
276 713 328 791 τήν
345 714 480 784 Ἑλλάδα,
496 713 531 791 ήν
550 716 612 791 ἐμοὶ
631 716 714 794 πείθῃ
729 714 884 793 ναυμαχίην

82 798 167 859 αὐτοῦ
193 803 283 877 μένων
308 803 463 873 ποιέεσθαι,
486 803 565 880 μηδὲ,
592 802 755 881 πειθόμενος
780 801 884 862 τούτων

80 889 157 946 τοῖσι
170 888 297 969 λέγουσι,
311 888 459 970 ἀναζεύξῃς
471 892 543 968 πρός
553 890 603 952 τόν
615 891 734 968 Ἰσθμόν
746 889 796 954 τοὶς
806 894 883 966 νῆας·

81 971 189 1039 ἀντίθες
205 975 260 1058 γάρ
277 977 405 1056 ἑκάτερον
414 969 553 1043 ’ἀκούσας’
573 979 643 1057 πρός
657 981 710 1056 μὲν
726 982 764 1058 τῷ
777 978 883 1058 Ἰσθμῷ

81 1061 260 1138 συμβάλλων
274 1069 303 1125 ἐν
315 1065 433 1147 πελάγεϊ
450 1065 668 1148 ἀναπεπταμένῳ
683 1067 881 1146 ναυμαχήσεις,

80 1152 108 1212 ἐς
125 1149 142 1209 δ
154 1149 258 1228 ἥκιστα
272 1151 340 1230 ήμῖν
358 1154 508 1232 σύμφορόν
526 1160 588 1216 ἐστι
601 1159 669 1232 νήας
682 1156 779 1234 ἔχουσι
792 1157 881 1231 βαρυ-

78 1236 159 1314 τέρας
179 1240 226 1298 καί
246 1240 365 1319 α’ριθμδν
386 1242 555 1306 ἐλάσσονας·
582 1248 665 1303 τοῦτο
690 1243 727 1315 δὲ,
753 1241 882 1304 ἀπολέεις

79 1324 227 1403 Σαλαμῖνά
239 1353 270 1386 τε
284 1330 330 1387 καὶ
344 1330 465 1409 Μέγαρα
484 1330 530 1387 καὶ
547 1330 671 1411 Αἴγιναν,
685 1328 773 1405 ἤνπερ
788 1328 833 1388 καὶ
846 1328 881 1386 τοί
932 1401 935 1406 ,

78 1409 156 1471 ἀλλα
179 1414 383 1493 ειίτυχήσωμεν·
417 1414 477 1492 ἅμα
504 1416 560 1496 γάρ
586 1419 625 1494 τῷ
651 1419 767 1494 ναυτικῷ
793 1413 882 1474 ου’τῷν

79 1499 175 1573 ἕψεται
194 1501 240 1558 καί
258 1501 274 1561 ό
293 1502 374 1571 πεζάς
392 1501 522 1579 στρατός·
544 1501 590 1560 καί
604 1501 674 1561 οὕτω
688 1503 780 1576 σφέας
799 1500 881 1565 αὗτδς

78 1583 152 1653 ἄξεις
165 1587 210 1644 ἐπὶ
223 1585 276 1662 τήν
293 1588 523 1669 Πελοπόννησον,
537 1588 719 1652 κινδυνεύσεις
732 1615 764 1648 τε
782 1587 880 1666 ἀπάσῃ

78 1675 113 1749 τῇ
133 1671 259 1732 Ἑλλάδι
304 1672 339 1750 ἣν
360 1675 389 1734 δὲ
410 1674 446 1734 τά
467 1675 520 1756 ε’γιί
536 1675 610 1756 λέγω
626 1675 756 1756 ποιήσῃς,
776 1676 881 1736 τοσάδε

79 1761 108 1818 ἐν
126 1758 238 1820 αάτοῖσι
256 1762 368 1840 χρῃστά
383 1762 523 1839 ἐὖρήσεις·
544 1763 640 1841 πρῶτά
655 1766 715 1841 μὲν,
734 1768 763 1823 ἐν
782 1768 881 1842 στεινῷ

78 1846 297 1923 συμβάλλοντες
317 1851 400 1925 νηυσὶ
416 1849 532 1932 ὀλίγῃσι
554 1849 629 1929 πρός
646 1850 766 1920 πολλάς,
789 1849 824 1927 ήν
844 1851 880 1912 τοί

78 1933 174 1994 οἰκότα
187 1941 217 1995 ἐκ
230 1940 280 1997 τοῦ
293 1939 420 2016 πολέμου
438 1939 554 2018 ἐκβαίνῃ
567 1938 679 1999 πολλόν
692 1938 879 2016 κρατήσομεν·

77 2021 110 2082 τό
130 2023 185 2105 γοίρ
206 2029 235 2084 ἐν
256 2030 355 2105 στεινῷ
375 2026 541 2106 ναυμαχέειν
560 2025 631 2104 πρδς
647 2025 739 2102 ήμέων
759 2026 830 2085 ἐστί·
852 2031 881 2086 ἐν

78 2109 230 2193 εὐρυχωρίῃ
243 2113 273 2175 δὲ
285 2114 356 2192 πρός
370 2116 487 2176 ἐκείνων.
526 2112 603 2187 αὖτις
615 2114 653 2184 δὲ,
665 2114 793 2191 Σαλαμὶς
805 2140 879 2190 περι-

76 2201 189 2280 γίνεται,
202 2207 229 2264 ἐς
238 2194 290 2279 τήν
300 2201 368 2281 ήμῖν
376 2202 535 2263 ὑπέκκειται
546 2204 630 2264 τέκνα
642 2228 674 2262 τε
687 2201 733 2261 καὶ
742 2206 879 2284 γυναῖκες.

77 2288 122 2346 καί
131 2289 188 2366 μήν
198 2291 244 2350 καὶ
254 2289 318 2351 τόδε
329 2295 358 2351 ἐν
369 2290 480 2352 αὐτοῖσι
494 2291 585 2351 ἔνεστι
597 2293 647 2351 τοῦ
658 2289 704 2350 καί
714 2291 880 2370 περιέχεσθε

75 2375 213 2451 μάλιστα·
242 2377 343 2455 ὁμοίως
359 2378 445 2440 αἰτοῦ
464 2404 496 2440 τε
515 2379 612 2457 μένων,
633 2378 880 2458 Ιπροναυμαχήσεις
936 2399 939 2406 ·

77 2465 309 2541 Πελοποννήσου,
331 2467 377 2526 καὶ
397 2467 468 2546 πρός
488 2471 527 2546 τῷ
544 2466 660 2545 Ἰσθμῷ·
693 2465 757 2526 οὐδέ
777 2474 878 2542 σφεας,

76 2551 153 2627 εἰπερ
168 2549 197 2610 εὖ
212 2554 347 2628 φρονέεις,
358 2553 432 2625 ἄξεις
446 2554 492 2614 ἐπὶ
504 2552 557 2630 τήν
570 2554 802 2630 Πελοπόννησον.
843 2552 879 2630 ἢν

76 2636 108 2695 δέ
121 2663 162 2719 ,γε
185 2638 230 2697 καὶ
250 2638 287 2698 τά
309 2639 362 2721 ἐγαί
385 2641 488 2713 ἐλπίζω
510 2642 632 2722 γένηται,
655 2642 701 2700 καὶ
721 2641 878 2719 νικήσωμεν
938 2709 941 2717 ,

75 2729 142 2804 τῇσι
155 2727 247 2803 νηυσὶ,
261 2725 325 2787 οὕτε
343 2727 411 2805 ιίμίν
424 2733 452 2792 ἐς
464 2727 515 2790 τδν
525 2727 644 2807 Ἰσθμόν
662 2730 834 2808 παρέσονται
851 2733 878 2790 οἰ

74 2812 228 2892 βάρβαροι,
238 2811 302 2875 οὔτε
313 2815 510 2895 προβήσονται
523 2817 661 2893 ἑκαστέρω
673 2822 724 2894 τῆς
736 2817 874 2893 Ἀττικῆς,

75 2899 178 2962 ἀπίασί
195 2928 226 2962 τε
239 2901 328 2967 οὐδενὶ
346 2902 452 2984 κόσμῳ,
468 2902 632 2986 Μεγάροισί
644 2931 676 2964 τε
696 2904 877 2981 κερδανέομεν

74 2993 225 3064 περιεοῦσι,
245 2990 292 3050 καί
310 2992 419 3072 Αἰγίνῃ,
434 2991 481 3050 καὶ
495 2994 643 3068 Σαλαμῖνι,
659 2997 687 3050 ἐν
699 2995 735 3069 τῇ
749 2990 817 3066 ἡμῖν
831 2991 877 3050 καὶ

74 3076 172 3155 λόγιόν
190 3083 252 3139 ἐστι
264 3082 319 3140 τῷν
334 3081 441 3160 ἐχθρῶν
455 3079 612 3158 κατύπερθε
623 3079 775 3160 γενέσδαι.
817 3076 895 3130 διιδ-

73 3187 108 3222 τα
116 3164 173 3238 μέν
184 3191 232 3226 νυν
240 3167 487 3248 βουλευομένοισι
499 3167 690 3247 ἀνθρώποισι
701 3164 739 3225 ὡς
750 3160 790 3219 τδ
807 3156 924 3248 ἐπίπαγ

61 3249 152 3310 ἐθέλει
171 3251 315 3335 γιθεσθιιι·
335 3257 382 3341 μή
403 3259 434 3323 δὲ
454 3258 565 3321 οἰκότα
588 3249 873 3336 βουλευομένῡνῦῑτ
891 3249 956 3289 ⁰³¹*
