<?xml version="1.0" encoding="UTF-8"?>
<!DOCTYPE html PUBLIC "-//W3C//DTD XHTML 1.0 Transitional//EN"
    "http://www.w3.org/TR/xhtml1/DTD/xhtml1-transitional.dtd">
<html xmlns="http://www.w3.org/1999/xhtml" xml:lang="en" lang="en">
 <head>
  <title>
</title>
<meta http-equiv="Content-Type" content="text/html;charset=utf-8" />
  <meta name='ocr-system' content='tesseract 3.04.00' />
  <meta name='ocr-capabilities' content='ocr_page ocr_carea ocr_par ocr_line ocrx_word'/>
</head>
<body>
  <div class='ocr_page' id='page_1' title='image "./recensuitjoseph01herogoog_0310.png"; bbox 0 0 2024 3450; ppageno 0'>
   <div class='ocr_carea' id='block_1_1' title="bbox 63 99 936 3240">
    <p class='ocr_par' dir='ltr' id='par_1_1' title="bbox 63 99 866 346">
     <span class='ocr_line' id='line_1_1' title="bbox 64 99 863 166; baseline -0.003 -14"><span class='ocrx_word' id='word_1_1' title='bbox 64 99 171 166; x_wconf 72' lang='grc' dir='ltr'>,ιο-ιι]</span> <span class='ocrx_word' id='word_1_2' title='bbox 379 100 566 150; x_wconf 74' lang='grc' dir='ltr'>κικκῐοιιυ.</span> <span class='ocrx_word' id='word_1_3' title='bbox 818 101 863 151; x_wconf 86' lang='lat'>301</span> 
     </span>
     <span class='ocr_line' id='line_1_2' title="bbox 63 176 865 259; baseline -0.004 -17"><span class='ocrx_word' id='word_1_4' title='bbox 63 183 159 258; x_wconf 87' lang='grc' dir='ltr'>μέντοι</span> <span class='ocrx_word' id='word_1_5' title='bbox 179 181 264 242; x_wconf 86' lang='grc' dir='ltr'>ίππος</span> <span class='ocrx_word' id='word_1_6' title='bbox 284 179 302 254; x_wconf 80' lang='grc' dir='ltr'><em>ἤ</em></span> <span class='ocrx_word' id='word_1_7' title='bbox 323 179 484 255; x_wconf 87' lang='grc' dir='ltr'>Μαρδονίου</span> <span class='ocrx_word' id='word_1_8' title='bbox 505 180 558 237; x_wconf 82' lang='grc' dir='ltr'>αἰεὶ</span> <span class='ocrx_word' id='word_1_9' title='bbox 578 176 746 259; x_wconf 92' lang='grc' dir='ltr'>προσέκειτό</span> <span class='ocrx_word' id='word_1_10' title='bbox 768 207 799 241; x_wconf 92' lang='grc' dir='ltr'>τε</span> <span class='ocrx_word' id='word_1_11' title='bbox 819 182 865 240; x_wconf 87' lang='grc' dir='ltr'>καὶ</span> 
     </span>
     <span class='ocr_line' id='line_1_3' title="bbox 65 265 866 346; baseline 0.001 -19"><span class='ocrx_word' id='word_1_12' title='bbox 65 267 163 327; x_wconf 80' lang='grc' dir='ltr'>ἐλόπεε</span> <span class='ocrx_word' id='word_1_13' title='bbox 176 265 401 341; x_wconf 74' lang='grc' dir='ltr'>τοῦςἝλληνας·</span> <span class='ocrx_word' id='word_1_14' title='bbox 424 269 451 324; x_wconf 81' lang='grc' dir='ltr'>οἱ</span> <span class='ocrx_word' id='word_1_15' title='bbox 464 265 519 346; x_wconf 71' lang='grc' dir='ltr'>γάρ</span> <span class='ocrx_word' id='word_1_16' title='bbox 530 268 663 342; x_wconf 85' lang='grc' dir='ltr'>Θηβαῖοι,</span> <span class='ocrx_word' id='word_1_17' title='bbox 677 268 725 327; x_wconf 78' lang='grc' dir='ltr'>ἅτε</span> <span class='ocrx_word' id='word_1_18' title='bbox 738 268 866 345; x_wconf 88' lang='grc' dir='ltr'>μηδίζον-</span> 
     </span>
    </p>

    <p class='ocr_par' dir='ltr' id='par_1_2' title="bbox 64 353 936 692">
     <span class='ocr_line' id='line_1_4' title="bbox 64 353 865 437; baseline -0.001 -22"><span class='ocrx_word' id='word_1_19' title='bbox 64 382 109 419; x_wconf 90' lang='grc' dir='ltr'>τες</span> <span class='ocrx_word' id='word_1_20' title='bbox 130 354 270 437; x_wconf 78' lang='grc' dir='ltr'>μεγάλως,</span> <span class='ocrx_word' id='word_1_21' title='bbox 294 353 567 430; x_wconf 83' lang='grc' dir='ltr'>προθύμως”ἐφερον</span> <span class='ocrx_word' id='word_1_22' title='bbox 588 353 638 414; x_wconf 80' lang='grc' dir='ltr'>τόν</span> <span class='ocrx_word' id='word_1_23' title='bbox 659 355 793 431; x_wconf 86' lang='grc' dir='ltr'>πόλεμον,</span> <span class='ocrx_word' id='word_1_24' title='bbox 819 356 865 416; x_wconf 84' lang='grc' dir='ltr'>καὶ</span> 
     </span>
     <span class='ocr_line' id='line_1_5' title="bbox 65 440 936 522; baseline 0.002 -21"><span class='ocrx_word' id='word_1_25' title='bbox 65 443 118 503; x_wconf 84' lang='grc' dir='ltr'>αίεὶ</span> <span class='ocrx_word' id='word_1_26' title='bbox 145 442 313 522; x_wconf 78' lang='grc' dir='ltr'>κατηγέοντο</span> <span class='ocrx_word' id='word_1_27' title='bbox 334 441 418 519; x_wconf 89' lang='grc' dir='ltr'>μέχρι</span> <span class='ocrx_word' id='word_1_28' title='bbox 444 440 546 518; x_wconf 88' lang='grc' dir='ltr'>μάχης·</span> <span class='ocrx_word' id='word_1_29' title='bbox 581 440 615 500; x_wconf 79' lang='grc' dir='ltr'>τό</span> <span class='ocrx_word' id='word_1_30' title='bbox 637 440 666 499; x_wconf 89' lang='grc' dir='ltr'>δὲ</span> <span class='ocrx_word' id='word_1_31' title='bbox 689 440 744 501; x_wconf 81' lang='grc' dir='ltr'>α’πδ</span> <span class='ocrx_word' id='word_1_32' title='bbox 767 443 865 504; x_wconf 77' lang='grc' dir='ltr'>τούτου</span> <span class='ocrx_word' id='word_1_33' title='bbox 935 468 936 471; x_wconf 73' lang='grc'>’</span> 
     </span>
     <span class='ocr_line' id='line_1_6' title="bbox 65 526 868 608; baseline 0.001 -20"><span class='ocrx_word' id='word_1_34' title='bbox 65 529 285 608; x_wconf 85' lang='grc' dir='ltr'>παραδεκόμενοι</span> <span class='ocrx_word' id='word_1_35' title='bbox 300 528 410 604; x_wconf 81' lang='grc' dir='ltr'>Πέρσαι</span> <span class='ocrx_word' id='word_1_36' title='bbox 422 553 454 588; x_wconf 90' lang='grc' dir='ltr'>τε</span> <span class='ocrx_word' id='word_1_37' title='bbox 468 528 513 586; x_wconf 83' lang='grc' dir='ltr'>καὶ</span> <span class='ocrx_word' id='word_1_38' title='bbox 532 526 635 603; x_wconf 78' lang='grc' dir='ltr'>Μῆδοι,</span> <span class='ocrx_word' id='word_1_39' title='bbox 649 526 729 604; x_wconf 89' lang='grc' dir='ltr'>μάλα</span> <span class='ocrx_word' id='word_1_40' title='bbox 745 528 828 589; x_wconf 86' lang='grc' dir='ltr'>ἔσκον</span> <span class='ocrx_word' id='word_1_41' title='bbox 841 530 868 589; x_wconf 76' lang='grc' dir='ltr'>οἳ</span> 
     </span>
     <span class='ocr_line' id='line_1_7' title="bbox 66 614 379 692; baseline -0.006 -16"><span class='ocrx_word' id='word_1_42' title='bbox 66 617 258 677; x_wconf 80' lang='grc' dir='ltr'>ἀπεδείκνυντο</span> <span class='ocrx_word' id='word_1_43' title='bbox 272 614 379 692; x_wconf 74' lang='grc' dir='ltr'>ἀρετάς.</span> 
     </span>
    </p>

    <p class='ocr_par' dir='ltr' id='par_1_3' title="bbox 65 701 931 3240">
     <span class='ocr_line' id='line_1_8' title="bbox 107 701 912 782; baseline -0.001 -19"><span class='ocrx_word' id='word_1_44' title='bbox 107 707 202 782; x_wconf 85' lang='grc' dir='ltr'>Μέχρι</span> <span class='ocrx_word' id='word_1_45' title='bbox 214 703 266 779; x_wconf 92' lang='grc' dir='ltr'>μέν</span> <span class='ocrx_word' id='word_1_46' title='bbox 279 728 327 762; x_wconf 88' lang='grc' dir='ltr'>νυν</span> <span class='ocrx_word' id='word_1_47' title='bbox 340 706 395 762; x_wconf 78' lang='grc' dir='ltr'>τῶν</span> <span class='ocrx_word' id='word_1_48' title='bbox 408 702 474 762; x_wconf 90' lang='grc' dir='ltr'>δέκα</span> <span class='ocrx_word' id='word_1_49' title='bbox 487 702 610 780; x_wconf 75' lang='grc' dir='ltr'>ἡμερέων</span> <span class='ocrx_word' id='word_1_50' title='bbox 624 701 704 763; x_wconf 77' lang='grc' dir='ltr'>οὐδὲν</span> <span class='ocrx_word' id='word_1_51' title='bbox 720 703 766 764; x_wconf 81' lang='grc' dir='ltr'>ἐπὶ</span> <span class='ocrx_word' id='word_1_52' title='bbox 779 706 867 763; x_wconf 81' lang='grc' dir='ltr'>πλεῦν</span> <span class='ocrx_word' id='word_1_53' title='bbox 876 705 912 762; x_wconf 70' lang='grc'>41</span> 
     </span>
     <span class='ocr_line' id='line_1_9' title="bbox 67 789 867 872; baseline -0.001 -22"><span class='ocrx_word' id='word_1_54' title='bbox 67 791 172 870; x_wconf 88' lang='grc' dir='ltr'>ἐγίνετο</span> <span class='ocrx_word' id='word_1_55' title='bbox 184 789 298 849; x_wconf 82' lang='grc' dir='ltr'>τούτων·</span> <span class='ocrx_word' id='word_1_56' title='bbox 320 789 355 852; x_wconf 80' lang='grc' dir='ltr'>ὦς</span> <span class='ocrx_word' id='word_1_57' title='bbox 368 789 398 849; x_wconf 82' lang='grc' dir='ltr'>δὲ</span> <span class='ocrx_word' id='word_1_58' title='bbox 412 790 540 866; x_wconf 75' lang='grc' dir='ltr'>ἑνδεκάτη</span> <span class='ocrx_word' id='word_1_59' title='bbox 554 790 679 872; x_wconf 79' lang='grc' dir='ltr'>ἐγεγόνεε</span> <span class='ocrx_word' id='word_1_60' title='bbox 691 789 782 869; x_wconf 75' lang='grc' dir='ltr'>ἡμέρη</span> <span class='ocrx_word' id='word_1_61' title='bbox 796 789 867 849; x_wconf 84' lang='grc' dir='ltr'>άντι-</span> 
     </span>
     <span class='ocr_line' id='line_1_10' title="bbox 67 877 868 957; baseline 0.001 -22"><span class='ocrx_word' id='word_1_62' title='bbox 67 878 249 954; x_wconf 88' lang='grc' dir='ltr'>κατημένοισι</span> <span class='ocrx_word' id='word_1_63' title='bbox 263 882 291 936; x_wconf 87' lang='grc' dir='ltr'>ἐν</span> <span class='ocrx_word' id='word_1_64' title='bbox 305 881 471 957; x_wconf 78' lang='grc' dir='ltr'>Πλαταιῇσι</span> <span class='ocrx_word' id='word_1_65' title='bbox 486 878 516 937; x_wconf 82' lang='grc' dir='ltr'>οἵ</span> <span class='ocrx_word' id='word_1_66' title='bbox 530 903 561 938; x_wconf 91' lang='grc' dir='ltr'>τε</span> <span class='ocrx_word' id='word_1_67' title='bbox 574 878 608 954; x_wconf 78' lang='grc' dir='ltr'>δη</span> <span class='ocrx_word' id='word_1_68' title='bbox 617 877 756 954; x_wconf 85' lang='grc' dir='ltr'>Ἕλληνες</span> <span class='ocrx_word' id='word_1_69' title='bbox 769 882 868 957; x_wconf 79' lang='grc' dir='ltr'>πολλῷ</span> 
     </span>
     <span class='ocr_line' id='line_1_11' title="bbox 66 964 869 1046; baseline 0.005 -24"><span class='ocrx_word' id='word_1_70' title='bbox 66 969 183 1027; x_wconf 82' lang='grc' dir='ltr'>πλεῦνες</span> <span class='ocrx_word' id='word_1_71' title='bbox 204 964 378 1044; x_wconf 82' lang='grc' dir='ltr'>ἐγεγόνεσαν,</span> <span class='ocrx_word' id='word_1_72' title='bbox 400 966 446 1024; x_wconf 79' lang='grc' dir='ltr'>καὶ</span> <span class='ocrx_word' id='word_1_73' title='bbox 461 964 620 1043; x_wconf 88' lang='grc' dir='ltr'>Μαρδόνιος</span> <span class='ocrx_word' id='word_1_74' title='bbox 638 967 817 1043; x_wconf 88' lang='grc' dir='ltr'>περιημέκτεε</span> <span class='ocrx_word' id='word_1_75' title='bbox 833 969 869 1046; x_wconf 80' lang='grc' dir='ltr'>τῇ</span> 
     </span>
     <span class='ocr_line' id='line_1_12' title="bbox 68 1052 866 1134; baseline 0.008 -25"><span class='ocrx_word' id='word_1_76' title='bbox 68 1052 140 1131; x_wconf 78' lang='grc' dir='ltr'>ἕδρη,</span> <span class='ocrx_word' id='word_1_77' title='bbox 168 1052 286 1112; x_wconf 85' lang='grc' dir='ltr'>ἐνθαῦτα</span> <span class='ocrx_word' id='word_1_78' title='bbox 313 1057 341 1115; x_wconf 87' lang='grc' dir='ltr'>ές</span> <span class='ocrx_word' id='word_1_79' title='bbox 367 1053 470 1134; x_wconf 86' lang='grc' dir='ltr'>λόγους</span> <span class='ocrx_word' id='word_1_80' title='bbox 496 1052 586 1129; x_wconf 79' lang='grc' dir='ltr'>ἦλθον</span> <span class='ocrx_word' id='word_1_81' title='bbox 613 1054 771 1130; x_wconf 89' lang='grc' dir='ltr'>Μαρδόνιός</span> <span class='ocrx_word' id='word_1_82' title='bbox 795 1081 826 1115; x_wconf 91' lang='grc' dir='ltr'>τε</span> <span class='ocrx_word' id='word_1_83' title='bbox 850 1054 866 1115; x_wconf 85' lang='grc' dir='ltr'>ό</span> 
     </span>
     <span class='ocr_line' id='line_1_13' title="bbox 67 1139 867 1224; baseline 0.005 -27"><span class='ocrx_word' id='word_1_84' title='bbox 67 1140 203 1218; x_wconf 83' lang='grc' dir='ltr'>Γοβρύεω</span> <span class='ocrx_word' id='word_1_85' title='bbox 216 1141 263 1199; x_wconf 89' lang='grc' dir='ltr'>καὶ</span> <span class='ocrx_word' id='word_1_86' title='bbox 271 1139 448 1219; x_wconf 84' lang='grc' dir='ltr'>Ἀρτάβαζος</span> <span class='ocrx_word' id='word_1_87' title='bbox 458 1141 473 1202; x_wconf 86' lang='grc' dir='ltr'>ό</span> <span class='ocrx_word' id='word_1_88' title='bbox 483 1142 649 1220; x_wconf 77' lang='grc' dir='ltr'>Φαρνάκεος,</span> <span class='ocrx_word' id='word_1_89' title='bbox 658 1141 689 1206; x_wconf 79' lang='grc' dir='ltr'>ὃς</span> <span class='ocrx_word' id='word_1_90' title='bbox 700 1147 728 1202; x_wconf 93' lang='grc' dir='ltr'>ἐν</span> <span class='ocrx_word' id='word_1_91' title='bbox 742 1142 867 1224; x_wconf 83' lang='grc' dir='ltr'>ὀλίγοισι</span> 
     </span>
     <span class='ocr_line' id='line_1_14' title="bbox 66 1227 866 1307; baseline 0.003 -21"><span class='ocrx_word' id='word_1_92' title='bbox 66 1230 200 1305; x_wconf 92' lang='grc' dir='ltr'>Περσέων</span> <span class='ocrx_word' id='word_1_93' title='bbox 220 1227 255 1305; x_wconf 84' lang='grc' dir='ltr'>ἦν</span> <span class='ocrx_word' id='word_1_94' title='bbox 276 1228 346 1307; x_wconf 74' lang='grc' dir='ltr'>ἀνὴρ</span> <span class='ocrx_word' id='word_1_95' title='bbox 368 1228 481 1306; x_wconf 89' lang='grc' dir='ltr'>δόκιμος</span> <span class='ocrx_word' id='word_1_96' title='bbox 504 1229 581 1307; x_wconf 70' lang='grc' dir='ltr'>παρὰ</span> <span class='ocrx_word' id='word_1_97' title='bbox 602 1230 703 1307; x_wconf 80' lang='grc' dir='ltr'>Ξέρξη·</span> <span class='ocrx_word' id='word_1_98' title='bbox 731 1231 866 1304; x_wconf 88' lang='grc' dir='ltr'>βουλευο-</span> 
     </span>
     <span class='ocr_line' id='line_1_15' title="bbox 65 1315 867 1396; baseline 0 -22"><span class='ocrx_word' id='word_1_99' title='bbox 65 1316 154 1392; x_wconf 86' lang='grc' dir='ltr'>μένων</span> <span class='ocrx_word' id='word_1_100' title='bbox 170 1317 199 1375; x_wconf 83' lang='grc' dir='ltr'>δέ</span> <span class='ocrx_word' id='word_1_101' title='bbox 219 1316 279 1374; x_wconf 86' lang='grc' dir='ltr'>αἵδε</span> <span class='ocrx_word' id='word_1_102' title='bbox 296 1315 371 1392; x_wconf 76' lang='grc' dir='ltr'>ἦσαν</span> <span class='ocrx_word' id='word_1_103' title='bbox 388 1319 417 1374; x_wconf 88' lang='grc' dir='ltr'>αί</span> <span class='ocrx_word' id='word_1_104' title='bbox 435 1320 552 1396; x_wconf 81' lang='grc' dir='ltr'>γνῶμαι·</span> <span class='ocrx_word' id='word_1_105' title='bbox 573 1316 593 1391; x_wconf 79' lang='grc' dir='ltr'><em>ἦ</em></span> <span class='ocrx_word' id='word_1_106' title='bbox 612 1318 664 1391; x_wconf 77' lang='grc' dir='ltr'>μὲν</span> <span class='ocrx_word' id='word_1_107' title='bbox 681 1315 867 1391; x_wconf 83' lang='grc' dir='ltr'>Ἀρταβάζου,</span> 
     </span>
     <span class='ocr_line' id='line_1_16' title="bbox 68 1401 866 1480; baseline 0.003 -20"><span class='ocrx_word' id='word_1_108' title='bbox 68 1403 103 1466; x_wconf 78' lang='grc' dir='ltr'>ὦς</span> <span class='ocrx_word' id='word_1_109' title='bbox 118 1403 201 1480; x_wconf 79' lang='grc' dir='ltr'>χρεόν</span> <span class='ocrx_word' id='word_1_110' title='bbox 217 1404 259 1476; x_wconf 82' lang='grc' dir='ltr'>εἴη</span> <span class='ocrx_word' id='word_1_111' title='bbox 273 1403 471 1473; x_wconf 75' lang='grc' dir='ltr'>ἀναζεύξαντας</span> <span class='ocrx_word' id='word_1_112' title='bbox 486 1401 537 1478; x_wconf 75' lang='grc' dir='ltr'>την</span> <span class='ocrx_word' id='word_1_113' title='bbox 555 1401 694 1478; x_wconf 86' lang='grc' dir='ltr'>ταχίστην</span> <span class='ocrx_word' id='word_1_114' title='bbox 710 1403 801 1462; x_wconf 85' lang='grc' dir='ltr'>πάντα</span> <span class='ocrx_word' id='word_1_115' title='bbox 817 1403 866 1462; x_wconf 81' lang='grc' dir='ltr'>τόν</span> 
     </span>
     <span class='ocr_line' id='line_1_17' title="bbox 67 1481 866 1567; baseline 0 -18"><span class='ocrx_word' id='word_1_116' title='bbox 67 1489 197 1565; x_wconf 82' lang='grc' dir='ltr'>στρατόν,</span> <span class='ocrx_word' id='word_1_117' title='bbox 220 1489 287 1548; x_wconf 85' lang='grc' dir='ltr'>ἰέναι</span> <span class='ocrx_word' id='word_1_118' title='bbox 303 1494 329 1551; x_wconf 86' lang='grc' dir='ltr'>ἐς</span> <span class='ocrx_word' id='word_1_119' title='bbox 343 1489 375 1548; x_wconf 81' lang='grc' dir='ltr'>τό</span> <span class='ocrx_word' id='word_1_120' title='bbox 394 1493 487 1567; x_wconf 83' lang='grc' dir='ltr'>τεῖχος</span> <span class='ocrx_word' id='word_1_121' title='bbox 504 1488 537 1548; x_wconf 80' lang='grc' dir='ltr'>τό</span> <span class='ocrx_word' id='word_1_122' title='bbox 551 1490 692 1565; x_wconf 76' lang='grc' dir='ltr'>Θηβαίων,</span> <span class='ocrx_word' id='word_1_123' title='bbox 708 1489 772 1550; x_wconf 81' lang='grc' dir='ltr'>ἔνθα</span> <span class='ocrx_word' id='word_1_124' title='bbox 785 1481 866 1549; x_wconf 84' lang='grc' dir='ltr'>σῖτόν</span> 
     </span>
     <span class='ocr_line' id='line_1_18' title="bbox 67 1571 867 1655; baseline 0 -19"><span class='ocrx_word' id='word_1_125' title='bbox 67 1578 99 1636; x_wconf 90' lang='grc' dir='ltr'>τέ</span> <span class='ocrx_word' id='word_1_126' title='bbox 118 1583 174 1652; x_wconf 85' lang='grc' dir='ltr'>σφι</span> <span class='ocrx_word' id='word_1_127' title='bbox 193 1571 382 1655; x_wconf 84' lang='grc' dir='ltr'>ἐσενηνεῖχθαι</span> <span class='ocrx_word' id='word_1_128' title='bbox 402 1575 513 1636; x_wconf 81' lang='grc' dir='ltr'>πολλόν</span> <span class='ocrx_word' id='word_1_129' title='bbox 531 1577 577 1635; x_wconf 89' lang='grc' dir='ltr'>καὶ</span> <span class='ocrx_word' id='word_1_130' title='bbox 593 1575 696 1655; x_wconf 91' lang='grc' dir='ltr'>χόρτον</span> <span class='ocrx_word' id='word_1_131' title='bbox 712 1580 789 1636; x_wconf 81' lang='grc' dir='ltr'>τοῖσι</span> <span class='ocrx_word' id='word_1_132' title='bbox 801 1576 867 1636; x_wconf 74' lang='grc' dir='ltr'>ὑπο-</span> 
     </span>
     <span class='ocr_line' id='line_1_19' title="bbox 67 1662 867 1745; baseline 0.001 -22"><span class='ocrx_word' id='word_1_133' title='bbox 67 1666 198 1745; x_wconf 85' lang='grc' dir='ltr'>ζυγίοισι·</span> <span class='ocrx_word' id='word_1_134' title='bbox 219 1662 277 1723; x_wconf 87' lang='grc' dir='ltr'>κατ’</span> <span class='ocrx_word' id='word_1_135' title='bbox 294 1662 416 1742; x_wconf 76' lang='grc' dir='ltr'>ἡσυχίην</span> <span class='ocrx_word' id='word_1_136' title='bbox 431 1689 463 1723; x_wconf 91' lang='grc' dir='ltr'>τε</span> <span class='ocrx_word' id='word_1_137' title='bbox 482 1664 867 1741; x_wconf 83' lang='grc' dir='ltr'>ἱζομένουςδιαπρήσσεσθαι</span> 
     </span>
     <span class='ocr_line' id='line_1_20' title="bbox 67 1750 867 1833; baseline 0.004 -23"><span class='ocrx_word' id='word_1_138' title='bbox 67 1757 213 1815; x_wconf 83' lang='grc' dir='ltr'>ποιεῦντας</span> <span class='ocrx_word' id='word_1_139' title='bbox 231 1750 307 1810; x_wconf 89' lang='grc' dir='ltr'>τάδε·</span> <span class='ocrx_word' id='word_1_140' title='bbox 328 1752 401 1830; x_wconf 84' lang='grc' dir='ltr'>ἐχειν</span> <span class='ocrx_word' id='word_1_141' title='bbox 418 1750 473 1833; x_wconf 76' lang='grc' dir='ltr'>γάρ</span> <span class='ocrx_word' id='word_1_142' title='bbox 491 1750 598 1830; x_wconf 80' lang='grc' dir='ltr'>χρυσόν</span> <span class='ocrx_word' id='word_1_143' title='bbox 615 1751 726 1812; x_wconf 79' lang='grc' dir='ltr'>πολλόν</span> <span class='ocrx_word' id='word_1_144' title='bbox 745 1755 797 1831; x_wconf 86' lang='grc' dir='ltr'>μέν</span> <span class='ocrx_word' id='word_1_145' title='bbox 811 1754 867 1813; x_wconf 90' lang='grc' dir='ltr'>ἐπί·</span> 
     </span>
     <span class='ocr_line' id='line_1_21' title="bbox 68 1837 867 1917; baseline 0.003 -19"><span class='ocrx_word' id='word_1_146' title='bbox 68 1867 169 1917; x_wconf 89' lang='grc' dir='ltr'>σημον,</span> <span class='ocrx_word' id='word_1_147' title='bbox 192 1837 302 1898; x_wconf 81' lang='grc' dir='ltr'>πολλόν</span> <span class='ocrx_word' id='word_1_148' title='bbox 324 1839 353 1898; x_wconf 87' lang='grc' dir='ltr'>δὲ</span> <span class='ocrx_word' id='word_1_149' title='bbox 374 1839 419 1898; x_wconf 83' lang='grc' dir='ltr'>καὶ</span> <span class='ocrx_word' id='word_1_150' title='bbox 439 1837 559 1915; x_wconf 76' lang='grc' dir='ltr'>ἄσημον,</span> <span class='ocrx_word' id='word_1_151' title='bbox 575 1839 686 1900; x_wconf 82' lang='grc' dir='ltr'>πολλόν</span> <span class='ocrx_word' id='word_1_152' title='bbox 705 1839 734 1899; x_wconf 85' lang='grc' dir='ltr'>δέ</span> <span class='ocrx_word' id='word_1_153' title='bbox 755 1842 801 1900; x_wconf 77' lang='grc' dir='ltr'>καὶ</span> <span class='ocrx_word' id='word_1_154' title='bbox 820 1839 867 1916; x_wconf 77' lang='grc' dir='ltr'>ἆρ-</span> 
     </span>
     <span class='ocr_line' id='line_1_22' title="bbox 68 1926 866 2008; baseline 0 -20"><span class='ocrx_word' id='word_1_155' title='bbox 68 1927 152 2008; x_wconf 89' lang='grc' dir='ltr'>γυρόν</span> <span class='ocrx_word' id='word_1_156' title='bbox 162 1954 193 1988; x_wconf 90' lang='grc' dir='ltr'>τε</span> <span class='ocrx_word' id='word_1_157' title='bbox 204 1927 249 1986; x_wconf 83' lang='grc' dir='ltr'>καὶ</span> <span class='ocrx_word' id='word_1_158' title='bbox 263 1926 420 2004; x_wconf 82' lang='grc' dir='ltr'>ε’κποίματα·</span> <span class='ocrx_word' id='word_1_159' title='bbox 437 1926 541 1987; x_wconf 77' lang='grc' dir='ltr'>τούτων</span> <span class='ocrx_word' id='word_1_160' title='bbox 552 1927 732 2004; x_wconf 77' lang='grc' dir='ltr'>φειδομένους</span> <span class='ocrx_word' id='word_1_161' title='bbox 741 1928 866 2005; x_wconf 79' lang='grc' dir='ltr'>μηδενός,</span> 
     </span>
     <span class='ocr_line' id='line_1_23' title="bbox 68 2014 906 2093; baseline -0.002 -19"><span class='ocrx_word' id='word_1_162' title='bbox 68 2016 233 2092; x_wconf 87' lang='grc' dir='ltr'>διαπέμπειν</span> <span class='ocrx_word' id='word_1_163' title='bbox 246 2020 273 2078; x_wconf 91' lang='grc' dir='ltr'>ές</span> <span class='ocrx_word' id='word_1_164' title='bbox 288 2015 353 2079; x_wconf 71' lang='grc' dir='ltr'>τούς</span> <span class='ocrx_word' id='word_1_165' title='bbox 366 2015 518 2092; x_wconf 83' lang='grc' dir='ltr'>Ἕλληνας,</span> <span class='ocrx_word' id='word_1_166' title='bbox 532 2014 677 2090; x_wconf 79' lang='grc' dir='ltr'>Ἑλλήνων</span> <span class='ocrx_word' id='word_1_167' title='bbox 696 2015 726 2073; x_wconf 80' lang='grc' dir='ltr'>δέ</span> <span class='ocrx_word' id='word_1_168' title='bbox 742 2016 870 2092; x_wconf 88' lang='grc' dir='ltr'>μάλιστα</span> <span class='ocrx_word' id='word_1_169' title='bbox 904 2089 906 2093; x_wconf 89' lang='lat'>.</span> 
     </span>
     <span class='ocr_line' id='line_1_24' title="bbox 69 2102 868 2182; baseline 0.004 -21"><span class='ocrx_word' id='word_1_170' title='bbox 69 2109 96 2167; x_wconf 88' lang='grc' dir='ltr'>ἐς</span> <span class='ocrx_word' id='word_1_171' title='bbox 116 2102 181 2166; x_wconf 79' lang='grc' dir='ltr'>τούς</span> <span class='ocrx_word' id='word_1_172' title='bbox 201 2107 394 2181; x_wconf 79' lang='grc' dir='ltr'>προεστεῶτας</span> <span class='ocrx_word' id='word_1_173' title='bbox 418 2108 447 2163; x_wconf 92' lang='grc' dir='ltr'>ἐν</span> <span class='ocrx_word' id='word_1_174' title='bbox 467 2107 545 2182; x_wconf 77' lang='grc' dir='ltr'>τῇσι</span> <span class='ocrx_word' id='word_1_175' title='bbox 557 2102 668 2162; x_wconf 89' lang='grc' dir='ltr'>πόλισι·</span> <span class='ocrx_word' id='word_1_176' title='bbox 698 2103 744 2161; x_wconf 84' lang='grc' dir='ltr'>καὶ</span> <span class='ocrx_word' id='word_1_177' title='bbox 763 2103 868 2181; x_wconf 88' lang='grc' dir='ltr'>ταχέως</span> 
     </span>
     <span class='ocr_line' id='line_1_25' title="bbox 68 2189 867 2270; baseline -0.003 -18"><span class='ocrx_word' id='word_1_178' title='bbox 68 2194 159 2268; x_wconf 92' lang='grc' dir='ltr'>σφέας</span> <span class='ocrx_word' id='word_1_179' title='bbox 185 2192 362 2270; x_wconf 77' lang='grc' dir='ltr'>παραδώσειν</span> <span class='ocrx_word' id='word_1_180' title='bbox 387 2191 439 2267; x_wconf 75' lang='grc' dir='ltr'>τὴν</span> <span class='ocrx_word' id='word_1_181' title='bbox 468 2191 636 2268; x_wconf 87' lang='grc' dir='ltr'>ἐλευθερίην·</span> <span class='ocrx_word' id='word_1_182' title='bbox 663 2191 734 2268; x_wconf 80' lang='grc' dir='ltr'>μηδὲ</span> <span class='ocrx_word' id='word_1_183' title='bbox 760 2189 867 2250; x_wconf 75' lang='grc' dir='ltr'>ἀνακιν-</span> 
     </span>
     <span class='ocr_line' id='line_1_26' title="bbox 68 2278 866 2358; baseline -0.004 -17"><span class='ocrx_word' id='word_1_184' title='bbox 68 2280 186 2342; x_wconf 72' lang='grc' dir='ltr'>δυνεύειν</span> <span class='ocrx_word' id='word_1_185' title='bbox 213 2280 456 2358; x_wconf 78' lang='grc' dir='ltr'>συμβάλλοντας..</span> <span class='ocrx_word' id='word_1_186' title='bbox 486 2278 586 2340; x_wconf 80' lang='grc' dir='ltr'>τούτου</span> <span class='ocrx_word' id='word_1_187' title='bbox 608 2280 660 2357; x_wconf 93' lang='grc' dir='ltr'>μέν</span> <span class='ocrx_word' id='word_1_188' title='bbox 684 2306 732 2341; x_wconf 87' lang='grc' dir='ltr'>νυν</span> <span class='ocrx_word' id='word_1_189' title='bbox 754 2278 773 2356; x_wconf 82' lang='grc' dir='ltr'><em>ἦ</em></span> <span class='ocrx_word' id='word_1_190' title='bbox 797 2278 866 2354; x_wconf 77' lang='grc' dir='ltr'>αὕτη</span> 
     </span>
     <span class='ocr_line' id='line_1_27' title="bbox 69 2365 867 2450; baseline -0.001 -23"><span class='ocrx_word' id='word_1_191' title='bbox 69 2369 173 2448; x_wconf 86' lang='grc' dir='ltr'>ἐγίνετο</span> <span class='ocrx_word' id='word_1_192' title='bbox 187 2370 232 2428; x_wconf 83' lang='grc' dir='ltr'>καὶ</span> <span class='ocrx_word' id='word_1_193' title='bbox 245 2371 377 2445; x_wconf 84' lang='grc' dir='ltr'>Θηβαίων</span> <span class='ocrx_word' id='word_1_194' title='bbox 390 2367 495 2450; x_wconf 85' lang='grc' dir='ltr'>γνόμη,</span> <span class='ocrx_word' id='word_1_195' title='bbox 515 2367 550 2430; x_wconf 78' lang='grc' dir='ltr'>ὦς</span> <span class='ocrx_word' id='word_1_196' title='bbox 567 2365 728 2443; x_wconf 90' lang='grc' dir='ltr'>προειδότος</span> <span class='ocrx_word' id='word_1_197' title='bbox 740 2371 828 2428; x_wconf 85' lang='grc' dir='ltr'>πλεῦν</span> <span class='ocrx_word' id='word_1_198' title='bbox 840 2392 867 2426; x_wconf 93' lang='grc' dir='ltr'>τι</span> 
     </span>
     <span class='ocr_line' id='line_1_28' title="bbox 69 2454 867 2536; baseline -0.001 -23"><span class='ocrx_word' id='word_1_199' title='bbox 69 2457 114 2514; x_wconf 89' lang='grc' dir='ltr'>καὶ</span> <span class='ocrx_word' id='word_1_200' title='bbox 132 2455 240 2515; x_wconf 80' lang='grc' dir='ltr'>τούτου·</span> <span class='ocrx_word' id='word_1_201' title='bbox 262 2457 422 2533; x_wconf 89' lang='grc' dir='ltr'>Μαρδονίου</span> <span class='ocrx_word' id='word_1_202' title='bbox 440 2455 469 2514; x_wconf 83' lang='grc' dir='ltr'>δέ</span> <span class='ocrx_word' id='word_1_203' title='bbox 488 2456 654 2533; x_wconf 85' lang='grc' dir='ltr'>ἰσχυροτέρη</span> <span class='ocrx_word' id='word_1_204' title='bbox 672 2482 703 2515; x_wconf 90' lang='grc' dir='ltr'>τε</span> <span class='ocrx_word' id='word_1_205' title='bbox 722 2457 768 2515; x_wconf 83' lang='grc' dir='ltr'>καὶ</span> <span class='ocrx_word' id='word_1_206' title='bbox 781 2454 867 2536; x_wconf 86' lang='grc' dir='ltr'>άγνω-</span> 
     </span>
     <span class='ocr_line' id='line_1_29' title="bbox 69 2543 867 2623; baseline 0.001 -22"><span class='ocrx_word' id='word_1_207' title='bbox 69 2543 232 2620; x_wconf 90' lang='grc' dir='ltr'>μονεστέρη,</span> <span class='ocrx_word' id='word_1_208' title='bbox 246 2545 293 2602; x_wconf 84' lang='grc' dir='ltr'>καὶ</span> <span class='ocrx_word' id='word_1_209' title='bbox 306 2543 430 2619; x_wconf 80' lang='grc' dir='ltr'>οὐδαμῶς</span> <span class='ocrx_word' id='word_1_210' title='bbox 444 2545 701 2623; x_wconf 87' lang='grc' dir='ltr'>συγγινωσκομένη·</span> <span class='ocrx_word' id='word_1_211' title='bbox 720 2543 824 2603; x_wconf 90' lang='grc' dir='ltr'>δοκέειν</span> <span class='ocrx_word' id='word_1_212' title='bbox 837 2569 867 2602; x_wconf 91' lang='grc' dir='ltr'>τε</span> 
     </span>
     <span class='ocr_line' id='line_1_30' title="bbox 69 2629 868 2710; baseline 0.003 -23"><span class='ocrx_word' id='word_1_213' title='bbox 69 2629 123 2710; x_wconf 78' lang='grc' dir='ltr'>γάρ</span> <span class='ocrx_word' id='word_1_214' title='bbox 140 2632 240 2707; x_wconf 82' lang='grc' dir='ltr'>πολλῷ</span> <span class='ocrx_word' id='word_1_215' title='bbox 257 2630 398 2706; x_wconf 90' lang='grc' dir='ltr'>κρέσσονα</span> <span class='ocrx_word' id='word_1_216' title='bbox 417 2629 554 2705; x_wconf 70' lang='grc' dir='ltr'>εἶναιτὴν</span> <span class='ocrx_word' id='word_1_217' title='bbox 572 2631 713 2707; x_wconf 77' lang='grc' dir='ltr'>σφετέρην</span> <span class='ocrx_word' id='word_1_218' title='bbox 733 2630 868 2709; x_wconf 71' lang='grc' dir='ltr'>στρατιήν</span> 
     </span>
     <span class='ocr_line' id='line_1_31' title="bbox 69 2716 869 2797; baseline -0.003 -17"><span class='ocrx_word' id='word_1_219' title='bbox 69 2720 120 2793; x_wconf 76' lang='grc' dir='ltr'>τῆς</span> <span class='ocrx_word' id='word_1_220' title='bbox 131 2717 307 2793; x_wconf 82' lang='grc' dir='ltr'>Ἑλληνικῆς,</span> <span class='ocrx_word' id='word_1_221' title='bbox 323 2716 504 2794; x_wconf 86' lang='grc' dir='ltr'>συμβάλλειν</span> <span class='ocrx_word' id='word_1_222' title='bbox 522 2743 553 2776; x_wconf 89' lang='grc' dir='ltr'>τε</span> <span class='ocrx_word' id='word_1_223' title='bbox 571 2718 623 2794; x_wconf 80' lang='grc' dir='ltr'>την</span> <span class='ocrx_word' id='word_1_224' title='bbox 638 2720 784 2797; x_wconf 86' lang='grc' dir='ltr'>ταχίστην,</span> <span class='ocrx_word' id='word_1_225' title='bbox 798 2719 869 2796; x_wconf 80' lang='grc' dir='ltr'>μηδὲ</span> 
     </span>
     <span class='ocr_line' id='line_1_32' title="bbox 70 2805 869 2886; baseline -0.001 -23"><span class='ocrx_word' id='word_1_226' title='bbox 70 2809 201 2883; x_wconf 87' lang='grc' dir='ltr'>περιοροῖν</span> <span class='ocrx_word' id='word_1_227' title='bbox 215 2805 439 2886; x_wconf 85' lang='grc' dir='ltr'>συλλεγομένους</span> <span class='ocrx_word' id='word_1_228' title='bbox 453 2806 492 2865; x_wconf 86' lang='grc' dir='ltr'>ἐτι</span> <span class='ocrx_word' id='word_1_229' title='bbox 504 2810 625 2869; x_wconf 84' lang='grc' dir='ltr'>πλεῦνας</span> <span class='ocrx_word' id='word_1_230' title='bbox 640 2811 695 2866; x_wconf 84' lang='grc' dir='ltr'>τῶν</span> <span class='ocrx_word' id='word_1_231' title='bbox 713 2810 869 2883; x_wconf 88' lang='grc' dir='ltr'>συλλελεγ-</span> 
     </span>
     <span class='ocr_line' id='line_1_33' title="bbox 68 2891 867 2974; baseline -0.003 -23"><span class='ocrx_word' id='word_1_232' title='bbox 68 2893 167 2968; x_wconf 88' lang='grc' dir='ltr'>μένων·</span> <span class='ocrx_word' id='word_1_233' title='bbox 187 2892 223 2953; x_wconf 88' lang='grc' dir='ltr'>τά</span> <span class='ocrx_word' id='word_1_234' title='bbox 235 2919 266 2953; x_wconf 90' lang='grc' dir='ltr'>τε</span> <span class='ocrx_word' id='word_1_235' title='bbox 279 2891 391 2973; x_wconf 87' lang='grc' dir='ltr'>σφάγια</span> <span class='ocrx_word' id='word_1_236' title='bbox 403 2892 439 2952; x_wconf 79' lang='grc' dir='ltr'>τά</span> <span class='ocrx_word' id='word_1_237' title='bbox 451 2892 682 2974; x_wconf 88' lang='grc' dir='ltr'>Ἡγησιστράτου</span> <span class='ocrx_word' id='word_1_238' title='bbox 693 2897 741 2951; x_wconf 80' lang='grc' dir='ltr'>ἐᾶν</span> <span class='ocrx_word' id='word_1_239' title='bbox 753 2893 867 2969; x_wconf 89' lang='grc' dir='ltr'>χαίρειν·</span> 
     </span>
     <span class='ocr_line' id='line_1_34' title="bbox 70 2979 869 3061; baseline 0 -21"><span class='ocrx_word' id='word_1_240' title='bbox 70 2981 140 3056; x_wconf 75' lang='grc' dir='ltr'>μηδὲ</span> <span class='ocrx_word' id='word_1_241' title='bbox 152 2982 312 3058; x_wconf 87' lang='grc' dir='ltr'>βιάζεσθαι,</span> <span class='ocrx_word' id='word_1_242' title='bbox 322 2980 400 3040; x_wconf 79' lang='grc' dir='ltr'>άλλά</span> <span class='ocrx_word' id='word_1_243' title='bbox 413 2979 488 3061; x_wconf 86' lang='grc' dir='ltr'>νόμῳ</span> <span class='ocrx_word' id='word_1_244' title='bbox 500 2985 539 3060; x_wconf 79' lang='grc' dir='ltr'>τῷ</span> <span class='ocrx_word' id='word_1_245' title='bbox 552 2981 686 3057; x_wconf 91' lang='grc' dir='ltr'>Περσέων</span> <span class='ocrx_word' id='word_1_246' title='bbox 698 2979 869 3058; x_wconf 88' lang='grc' dir='ltr'>χρεωμένους</span> 
     </span>
     <span class='ocr_line' id='line_1_35' title="bbox 71 3064 931 3143; baseline -0.01 -16"><span class='ocrx_word' id='word_1_247' title='bbox 71 3068 262 3143; x_wconf 81' lang='grc' dir='ltr'>συμβάλλειν.</span> <span class='ocrx_word' id='word_1_248' title='bbox 302 3068 409 3130; x_wconf 80' lang='grc' dir='ltr'>Τούτου</span> <span class='ocrx_word' id='word_1_249' title='bbox 422 3070 451 3130; x_wconf 81' lang='grc' dir='ltr'>δέ</span> <span class='ocrx_word' id='word_1_250' title='bbox 468 3067 538 3129; x_wconf 80' lang='grc' dir='ltr'>οὕτω</span> <span class='ocrx_word' id='word_1_251' title='bbox 554 3068 724 3128; x_wconf 75' lang='grc' dir='ltr'>δικαιεῦντος</span> <span class='ocrx_word' id='word_1_252' title='bbox 740 3064 931 3137; x_wconf 61' lang='grc' dir='ltr'>όνπέλεγεδὲλ</span> 
     </span>
     <span class='ocr_line' id='line_1_36' title="bbox 72 3143 909 3240; baseline 0.001 -27"><span class='ocrx_word' id='word_1_253' title='bbox 72 3154 165 3224; x_wconf 77' lang='grc' dir='ltr'>οὐδεὶς,</span> <span class='ocrx_word' id='word_1_254' title='bbox 181 3155 254 3216; x_wconf 76' lang='grc' dir='ltr'>ὥστε</span> <span class='ocrx_word' id='word_1_255' title='bbox 266 3156 378 3235; x_wconf 90' lang='grc' dir='ltr'>ἐκράτεε</span> <span class='ocrx_word' id='word_1_256' title='bbox 394 3161 432 3239; x_wconf 75' lang='grc' dir='ltr'>τῇ</span> <span class='ocrx_word' id='word_1_257' title='bbox 447 3156 560 3240; x_wconf 77' lang='grc' dir='ltr'>γνώμη·</span> <span class='ocrx_word' id='word_1_258' title='bbox 582 3154 618 3215; x_wconf 86' lang='grc' dir='ltr'>τδ</span> <span class='ocrx_word' id='word_1_259' title='bbox 637 3153 696 3234; x_wconf 77' lang='grc' dir='ltr'>γδρ</span> <span class='ocrx_word' id='word_1_260' title='bbox 720 3148 829 3225; x_wconf 56' lang='lat' dir='ltr'>xpm</span> <span class='ocrx_word' id='word_1_261' title='bbox 842 3143 909 3237; x_wconf 46' lang='grc' dir='ltr'>ἒῐλξ</span> 
     </span>
    </p>
   </div>
   <div class='ocr_carea' id='block_1_2' title="bbox 60 3228 933 3373">
    <p class='ocr_par' dir='ltr' id='par_1_4' title="bbox 60 3228 933 3373">
     <span class='ocr_line' id='line_1_37' title="bbox 60 3228 933 3364; baseline -0.007 -62"><span class='ocrx_word' id='word_1_262' title='bbox 60 3245 112 3364; x_wconf 63' lang='grc' dir='ltr'>ηηῖς</span> <span class='ocrx_word' id='word_1_263' title='bbox 126 3247 264 3320; x_wconf 81' lang='grc' dir='ltr'>στρατιῆς</span> <span class='ocrx_word' id='word_1_264' title='bbox 281 3243 366 3311; x_wconf 77' lang='grc' dir='ltr'>οὗτος</span> <span class='ocrx_word' id='word_1_265' title='bbox 389 3251 424 3308; x_wconf 85' lang='grc' dir='ltr'>ἐκ</span> <span class='ocrx_word' id='word_1_266' title='bbox 448 3246 614 3326; x_wconf 83' lang='grc' dir='ltr'>βασιλέος,</span> <span class='ocrx_word' id='word_1_267' title='bbox 638 3238 706 3299; x_wconf 50' lang='lat' dir='ltr'>&amp;RN</span> <span class='ocrx_word' id='word_1_268' title='bbox 738 3235 797 3294; x_wconf 71' lang='grc' dir='ltr'>οἷικ</span> <span class='ocrx_word' id='word_1_269' title='bbox 810 3228 933 3296; x_wconf 55' lang='lat' dir='ltr'>&#39;Nm‘</span> 
     </span>
     <span class='ocr_line' id='line_1_38' title="bbox 92 3328 167 3373; baseline 0.027 -2"><span class='ocrx_word' id='word_1_270' title='bbox 92 3328 167 3373; x_wconf 73' lang='grc'><strong>···24</strong></span> 
     </span>
    </p>
   </div>
   <div class='ocr_carea' id='block_1_3' title="bbox 0 0 1023 3450">
    <p class='ocr_par' dir='ltr' id='par_1_5' title="bbox 0 0 1023 3450">
     <span class='ocr_line' id='line_1_39' title="bbox 0 0 1023 3450; baseline 0 0"><span class='ocrx_word' id='word_1_271' title='bbox 0 0 1023 3450; x_wconf 95' lang='lat' dir='ltr'> </span> 
     </span>
    </p>
   </div>
  </div>
 </body>
</html>
