2024 3450
62 110 170 177 38-42]
408 114 520 162 EPA'm.
599 107 609 125 ’
827 115 858 166 73

60 189 209 267 βόσκων’
196 189 364 266 επικούρους,
386 191 432 248 καὶ
453 193 550 271 γαμέει
565 192 687 270 Ὀλόρου
705 198 755 253 τοῦ
773 195 857 271 Θρηι-

62 303 116 337 κων
128 277 269 352 βασιλέος
284 278 441 357 θυγατέρα“
443 281 642 389 Ηγησιπύλην.
686 278 777 344 Οὗτος
791 282 820 340 δὲ
840 309 856 340 ο
849 281 927 359 40,

62 365 190 440 Κίμωνος
213 365 372 441 Μιλτιάδης
398 366 497 426 νεωστὶ
523 369 576 442 μὲν
599 367 733 443 ἐληλύθεε
757 373 784 432 ἐς
807 394 859 476 την

61 451 254 528 Χερσόνησον,
268 452 465 530 κατελάμβανε
478 453 510 513 δέ
520 479 569 530 μιν
583 455 701 514 ἐλθόντα
715 454 843 514 ἄλλα
804 482 860 517 των

62 538 234 619 κατεχόντων
245 540 416 622 πρηγμάτων
428 541 620 618 χαλεπώτερα·
636 543 728 620 (τρίτῳ
740 543 859 623 μὲνγὰρ

63 627 117 686 ἔτεϊ
132 626 236 688 τούτων
250 628 358 692 Σκύθας
379 629 487 709 ἔφευγε·
508 629 614 692 Σκύθαι
633 628 688 708 γὰρ
703 632 735 703 οἱ,
743 629 860 706 νομάδες

63 715 250 790 ἐρεθισθέντες
262 714 317 774 ύπδ
330 716 468 790 βασιλέος
479 716 598 792 Δαρείου
612 715 860 793 συνεστράφησαν,

63 802 110 860 καὶ
125 799 240 876 ἤλασαν
249 803 337 880 μέχρι
349 805 399 877 τῆς
412 803 725 880 Χερσονήσουταύτης·
746 802 860 868 τούτους

63 885 192 951 ἐπιόντας
216 887 435 966 ούκύπομείνας
459 890 474 949 6
498 891 656 966 Μιλτιάδης
680 890 780 972 ἔφευγε
803 888 859 951 α’πό

64 973 258 1050 Χερσονήσου,
273 980 300 1039 ἐς
318 975 334 1036 6
350 977 380 1036 06
392 1003 423 1037 τε
440 977 544 1042 Σκύθαι
564 977 793 1057 ἀπαλλάχθησαν
813 978 862 1037 καί

63 1087 112 1137 μιν
126 1064 152 1120 οἱ
166 1062 308 1144 Δόλογκοι
324 1064 483 1146 κατήγαγον
499 1064 611 1144 ὀπίσω)
650 1070 743 1125 Ταῦτα
758 1069 810 1143 μὲν
826 1066 903 1142 δή41

64 1149 146 1229 τρίτῳ
160 1150 213 1208 ἐτεῖ
225 1150 361 1230 πρότερον
374 1153 499 1234 ἐγεγόνεε
512 1156 566 1212 τῶν
582 1152 646 1212 τότε
663 1179 711 1229 μιν
723 1153 859 1231 κατεχόν-

64 1262 126 1297 των·
146 1236 210 1297 τότε
231 1238 261 1297 δέ
282 1239 534 1315 πυνθανόμενος’
508 1265 577 1298 ειναι
597 1240 661 1301 τούς
682 1241 844 1301 Φοίνικας’
832 1265 860 1298 εν

60 1325 176 1422 Τενέδερ,
198 1326 358 1403 πληράσας
373 1326 500 1402 τριήρεας
523 1328 604 1384 πέντε
631 1325 780 1403 χρημάτων
806 1330 861 1384 τῶν

60 1403 221 1487 παρεόντων
245 1412 408 1489 άπέπλεε’
395 1438 423 1474 ες
448 1412 498 1474 τὰς
524 1411 653 1486 Ἀθήνας.
697 1412 742 1469 καὶ
766 1410 860 1488 ὥσπερ

67 1498 215 1572 ὦρμήθη’
203 1523 232 1555 εκ
246 1484 369 1572 Καρδίης
382 1497 490 1564 πόλιος,
504 1499 586 1554 ἔπλεε
604 1496 649 1554 διά
667 1523 716 1555 του
703 1499 863 1559 Μέλανος

69 1581 187 1641 κόλπου·
209 1581 401 1692 παραμείβετό
424 1607 455 1640 τε
478 1581 533 1671 τήν
552 1580 737 1657 Χερσόνησον
765 1584 809 1641 καὶ
837 1587 863 1642 οἱ

69 1669 229 1730 Φοίνικές
204 1695 230 1727 οι
243 1668 442 1745 περιπίπτουσι
454 1672 522 1746 τῇσι
536 1669 627 1774 νηυσί.
669 1668 751 1730 αὐτὸς
762 1671 814 1745 μὲν
828 1670 862 1744 δή

69 1754 275 1830 Μιλτιάδης
238 1781 299 1814 συν
305 1759 373 1833 τῇσι
384 1756 539 1831 τεσσαρσι
543 1759 606 1815 τῶν·
614 1760 681 1819 νεῶν
695 1756 863 1837 καταφεύγει

69 1849 97 1907 ἐς
108 1842 242 1921 ἷἸριβρον,Ι
256 1843 309 1919 τήν
330 1843 363 1902 δέ
382 1843 413 1902 οἱ1
425 1844 555 1920 πέμπτην
568 1845 629 1904 τῶν
649 1848 717 1904 νεῶν
735 1848 863 1904 κατεῖλον

69 1930 257 1995 διωκοντές“
231 1958 257 1990 οι
278 1931 432 1994 Φοίνικεςυ
451 1957 501 2007 της
525 1932 554 1991 δέ
577 1931 638 1995 νεός
660 1931 761 2008 ταύτης
785 1934 864 2011 ἔτυχε

29 2068 33 2075 ,
68 2025 123 2081 τῶν
136 2019 296 2078 Μιλτιάδεω
314 2017 455 2079 παίδων
439 2047 455 2078 ο
475 2015 708 2109 πρεσβύτατος”
690 2047 782 2131 αρχων
801 2026 863 2095 Μη-

39 2175 43 2181 ⁸
65 2109 168 2217 τίοχος,
183 2107 232 2165 ούκ
249 2112 280 2165 ἐκ
298 2133 358 2182 της
351 2105 482 2183 ’Θλόρου
503 2134 552 2167 του
540 2104 721 2184 Θρήῖκος’
709 2106 760 2166 εεδν
762 2107 863 2186 θυγα

40 2206 44 2210 “
65 2196 131 2272 τρὸς
144 2193 209 2253 ἀλλ’
224 2194 254 2262 ἐξ
256 2192 396 2269 άλλης·
388 2194 433 2252 καὶ
446 2198 545 2253 τοῦτον
558 2192 617 2270 ἅμα
629 2197 665 2271 τῇ
679 2194 724 2268 νηι·
742 2170 863 2251 είλον“
838 2219 865 2252 οι

68 2283 199 2352 Φοίνικες,
214 2283 262 2340 καί
277 2307 326 2358 μιν
341 2280 494 2357 πυθόμενοι
504 2280 547 2344 ἐῶς
566 2281 606 2355 εἴη
620 2278 780 2340 Μιλτιάδεω
798 2284 864 2344 παῖς

64 2369 209 2450 7ειίνήγαγον
224 2369 300 2446 παρά
313 2369 449 2444 βασιλέα,
464 2369 604 2430 δοκέοντες
621 2368 722 2446 χάριτα
738 2368 865 2449 μεγάλην

70 2456 288 2532 καταθήσεσθαι·
310 2454 352 2515 ὅτι
366 2455 400 2531 δή
414 2455 571 2530 Μιλτιάδης
582 2455 695 2536 γνώμην
712 2456 864 2525 άπεδέξατο

70 2546 99 2602 ἐν
110 2548 187 2601 τοῖσι
196 2541 276 2600 Ἴωσι
289 2543 436 2602 πείθεσθαι
450 2542 568 2602 κελεύων
580 2546 656 2601 τοῖσι
671 2544 804 2621 Σκύθῃσι,
819 2543 865 2602 ὅτε

70 2634 96 2689 οἱ
110 2627 216 2693 Σκύθαι
234 2629 419 2704 προσεδέοντο
438 2629 581 2692 λύσαντας
600 2629 651 2704 τήν
667 2630 782 2709 σχεδίην
796 2629 864 2690 άπο-

69 2719 165 2777 πλέειν
183 2720 211 2780 ἐς
227 2715 280 2792 τήν
296 2719 409 2776 ἐωυτῶν.
451 2721 569 2794 Δαρεῖος
590 2717 627 2785 δὲ,
643 2716 677 2780 οἷς
698 2721 724 2776 οἱ
742 2718 866 2779 Φοίνικες

69 2806 216 2884 Μητίοχον
233 2801 282 2864 τόν
300 2803 460 2863 Μιλτιάδεω
478 2803 626 2884 ἀνήγαγον,
648 2808 763 2880 ἐποίησε
782 2804 867 2863 κακόν

69 2897 120 2969 μὲν
134 2892 212 2953 ούδέν
226 2891 373 2970 Μητίοχον
387 2890 479 2972 ἀγαθά
494 2892 523 2949 δὲ
536 2890 637 2970 συχνά·
659 2893 705 2950 καὶ
717 2892 773 3002 γάρ
791 2890 866 2951 οἶκον

70 2982 114 3039 καὶ
137 3006 237 3092 κτησιν
259 2979 340 3038 ἔδωκε
361 3005 407 3038 και
397 2979 556 3055 Περσίδα
573 3005 705 3060 γύναικο,
722 2983 757 3034 ἐκ
774 3000 830 3045 της
849 2999 880 3027 m
912 3000 918 3007 ·

70 3069 150 3126 τέκνα
163 3069 272 3149 ἐγένετο
284 3066 321 3127 τά
336 3071 364 3132 ἐς
376 3068 499 3147 Πέρσας
521 3065 733 3182 κεκοσμέαται
766 3051 905 3113 ΜΘΝ·

38 3153 110 3225 -δης
122 3154 153 3210 δὲ
166 3155 219 3225 ἐξ
217 3156 369 3235 Ιμβρου’
351 3159 525 3220 απικνέεται
539 3163 571 3219 ἐς
585 3155 642 3216 τιλς
649 3146 804 3218 RQQW

92 3240 152 3296 Και
176 3269 252 3303 κατα
274 3246 309 3306 τό
333 3249 400 3310 ἔτος
421 3273 520 3306 τουτο
541 3251 578 3304 ἐκ
601 3245 664 3300 τιὶν
682 3239 739 3291 λλ
724 3223 845 3302 Θσεων
869 3235 888 3264 ⁰
