<?xml version="1.0" encoding="UTF-8"?>
<!DOCTYPE html PUBLIC "-//W3C//DTD XHTML 1.0 Transitional//EN"
    "http://www.w3.org/TR/xhtml1/DTD/xhtml1-transitional.dtd">
<html xmlns="http://www.w3.org/1999/xhtml" xml:lang="en" lang="en">
 <head>
  <title>
</title>
<meta http-equiv="Content-Type" content="text/html;charset=utf-8" />
  <meta name='ocr-system' content='tesseract 3.04.00' />
  <meta name='ocr-capabilities' content='ocr_page ocr_carea ocr_par ocr_line ocrx_word'/>
</head>
<body>
  <div class='ocr_page' id='page_1' title='image "./recensuitjoseph01herogoog/recensuitjoseph01herogoog_0339.png"; bbox 0 0 2024 3450; ppageno 0'>
   <div class='ocr_carea' id='block_1_1' title="bbox 56 115 976 3357">
    <p class='ocr_par' dir='ltr' id='par_1_1' title="bbox 134 115 937 624">
     <span class='ocr_line' id='line_1_1' title="bbox 134 115 933 179; baseline 0.001 -14"><span class='ocrx_word' id='word_1_1' title='bbox 134 119 182 166; x_wconf 77' lang='grc' dir='ltr'>ιω</span> <span class='ocrx_word' id='word_1_2' title='bbox 442 115 624 162; x_wconf 71' lang='grc' dir='ltr'>Ἤτοιοιοτ</span> <span class='ocrx_word' id='word_1_3' title='bbox 871 116 933 179; x_wconf 73' lang='lat' dir='ltr'><strong>[IX.</strong></span> 
     </span>
     <span class='ocr_line' id='line_1_2' title="bbox 134 193 935 273; baseline 0.001 -19"><span class='ocrx_word' id='word_1_4' title='bbox 134 196 164 255; x_wconf 80' lang='grc' dir='ltr'>δὲ</span> <span class='ocrx_word' id='word_1_5' title='bbox 184 199 240 254; x_wconf 79' lang='grc' dir='ltr'>πᾶν</span> <span class='ocrx_word' id='word_1_6' title='bbox 263 193 296 254; x_wconf 81' lang='grc' dir='ltr'>τό</span> <span class='ocrx_word' id='word_1_7' title='bbox 324 193 446 253; x_wconf 85' lang='grc' dir='ltr'>ἐναντίον</span> <span class='ocrx_word' id='word_1_8' title='bbox 469 196 519 253; x_wconf 84' lang='grc' dir='ltr'>τοῦ</span> <span class='ocrx_word' id='word_1_9' title='bbox 545 194 792 273; x_wconf 82' lang='grc' dir='ltr'>προστεταγμένου</span> <span class='ocrx_word' id='word_1_10' title='bbox 819 196 935 267; x_wconf 91' lang='grc' dir='ltr'>ἐποίεον,</span> 
     </span>
     <span class='ocr_line' id='line_1_3' title="bbox 134 281 936 363; baseline 0.001 -21"><span class='ocrx_word' id='word_1_11' title='bbox 134 283 225 344; x_wconf 79' lang='grc' dir='ltr'>ἄλλας</span> <span class='ocrx_word' id='word_1_12' title='bbox 247 309 279 342; x_wconf 92' lang='grc' dir='ltr'>τε</span> <span class='ocrx_word' id='word_1_13' title='bbox 300 282 501 362; x_wconf 88' lang='grc' dir='ltr'>κατηγεόμενοί</span> <span class='ocrx_word' id='word_1_14' title='bbox 518 289 574 357; x_wconf 97' lang='grc' dir='ltr'>σφι</span> <span class='ocrx_word' id='word_1_15' title='bbox 594 281 674 346; x_wconf 82' lang='grc' dir='ltr'>ὁδούς</span> <span class='ocrx_word' id='word_1_16' title='bbox 695 282 834 363; x_wconf 86' lang='grc' dir='ltr'>φεύγουσι</span> <span class='ocrx_word' id='word_1_17' title='bbox 854 283 883 342; x_wconf 76' lang='grc' dir='ltr'>αἳ</span> <span class='ocrx_word' id='word_1_18' title='bbox 903 285 936 359; x_wconf 82' lang='grc' dir='ltr'>δή</span> 
     </span>
     <span class='ocr_line' id='line_1_4' title="bbox 135 370 937 447; baseline -0.001 -17"><span class='ocrx_word' id='word_1_19' title='bbox 135 372 236 447; x_wconf 89' lang='grc' dir='ltr'>ἐφερον</span> <span class='ocrx_word' id='word_1_20' title='bbox 261 375 288 433; x_wconf 82' lang='grc' dir='ltr'>ἐς</span> <span class='ocrx_word' id='word_1_21' title='bbox 313 370 378 432; x_wconf 77' lang='grc' dir='ltr'>τούς</span> <span class='ocrx_word' id='word_1_22' title='bbox 405 370 564 445; x_wconf 90' lang='grc' dir='ltr'>πολεμίους,</span> <span class='ocrx_word' id='word_1_23' title='bbox 594 370 640 428; x_wconf 83' lang='grc' dir='ltr'>καὶ</span> <span class='ocrx_word' id='word_1_24' title='bbox 666 371 749 432; x_wconf 81' lang='grc' dir='ltr'>τέλος</span> <span class='ocrx_word' id='word_1_25' title='bbox 776 370 857 430; x_wconf 83' lang='grc' dir='ltr'>αύτοί</span> <span class='ocrx_word' id='word_1_26' title='bbox 881 378 937 446; x_wconf 93' lang='grc' dir='ltr'>σφι</span> 
     </span>
     <span class='ocr_line' id='line_1_5' title="bbox 135 456 937 540; baseline 0.001 -22"><span class='ocrx_word' id='word_1_27' title='bbox 135 458 259 540; x_wconf 85' lang='grc' dir='ltr'>ἐγίνοντο</span> <span class='ocrx_word' id='word_1_28' title='bbox 293 459 442 520; x_wconf 85' lang='grc' dir='ltr'>κτείνοντες</span> <span class='ocrx_word' id='word_1_29' title='bbox 475 457 690 535; x_wconf 78' lang='grc' dir='ltr'>πολεμιώτατοι.</span> <span class='ocrx_word' id='word_1_30' title='bbox 733 456 803 518; x_wconf 72' lang='grc' dir='ltr'>οὕτω</span> <span class='ocrx_word' id='word_1_31' title='bbox 836 459 871 535; x_wconf 79' lang='grc' dir='ltr'>δή</span> <span class='ocrx_word' id='word_1_32' title='bbox 904 461 937 519; x_wconf 83' lang='grc' dir='ltr'>τό</span> 
     </span>
     <span class='ocr_line' id='line_1_6' title="bbox 135 544 716 624; baseline -0.002 -20"><span class='ocrx_word' id='word_1_33' title='bbox 135 546 262 624; x_wconf 86' lang='grc' dir='ltr'>δεύτερον</span> <span class='ocrx_word' id='word_1_34' title='bbox 274 545 363 621; x_wconf 80' lang='grc' dir='ltr'>Ἰωνίη</span> <span class='ocrx_word' id='word_1_35' title='bbox 377 544 432 604; x_wconf 82' lang='grc' dir='ltr'>άπὸ</span> <span class='ocrx_word' id='word_1_36' title='bbox 448 547 582 622; x_wconf 86' lang='grc' dir='ltr'>Περσέων</span> <span class='ocrx_word' id='word_1_37' title='bbox 595 545 716 621; x_wconf 88' lang='grc' dir='ltr'>άπέστη.</span> 
     </span>
    </p>

    <p class='ocr_par' dir='ltr' id='par_1_2' title="bbox 89 631 938 1325">
     <span class='ocr_line' id='line_1_7' title="bbox 89 631 937 712; baseline 0.001 -18"><span class='ocrx_word' id='word_1_38' title='bbox 89 637 145 695; x_wconf 87' lang='grc'>105</span> <span class='ocrx_word' id='word_1_39' title='bbox 195 634 245 694; x_wconf 86' lang='grc' dir='ltr'>Ἐν</span> <span class='ocrx_word' id='word_1_40' title='bbox 267 634 297 693; x_wconf 82' lang='grc' dir='ltr'>δὲ</span> <span class='ocrx_word' id='word_1_41' title='bbox 320 632 407 711; x_wconf 86' lang='grc' dir='ltr'>ταύτῃ</span> <span class='ocrx_word' id='word_1_42' title='bbox 427 637 464 711; x_wconf 74' lang='grc' dir='ltr'>τῇ</span> <span class='ocrx_word' id='word_1_43' title='bbox 490 632 569 712; x_wconf 89' lang='grc' dir='ltr'>μάχη</span> <span class='ocrx_word' id='word_1_44' title='bbox 595 631 741 708; x_wconf 76' lang='grc' dir='ltr'>Ἑλλήνων</span> <span class='ocrx_word' id='word_1_45' title='bbox 767 633 937 710; x_wconf 80' lang='grc' dir='ltr'>ἠρίστευσαν</span> 
     </span>
     <span class='ocr_line' id='line_1_8' title="bbox 134 720 936 798; baseline 0.001 -17"><span class='ocrx_word' id='word_1_46' title='bbox 134 722 287 798; x_wconf 74' lang='grc' dir='ltr'>Ἀθηναῖον</span> <span class='ocrx_word' id='word_1_47' title='bbox 325 722 371 780; x_wconf 86' lang='grc' dir='ltr'>καὶ</span> <span class='ocrx_word' id='word_1_48' title='bbox 390 720 551 796; x_wconf 87' lang='grc' dir='ltr'>Ἀθηναίων,</span> <span class='ocrx_word' id='word_1_49' title='bbox 572 720 746 798; x_wconf 81' lang='grc' dir='ltr'>Ἑρμόλυκος</span> <span class='ocrx_word' id='word_1_50' title='bbox 766 720 782 780; x_wconf 86' lang='grc' dir='ltr'>ό</span> <span class='ocrx_word' id='word_1_51' title='bbox 803 721 936 792; x_wconf 75' lang='grc' dir='ltr'>Εὐθύνου,</span> 
     </span>
     <span class='ocr_line' id='line_1_9' title="bbox 135 807 936 890; baseline 0 -21"><span class='ocrx_word' id='word_1_52' title='bbox 135 810 205 887; x_wconf 78' lang='grc' dir='ltr'>αἷνήρ</span> <span class='ocrx_word' id='word_1_53' title='bbox 224 809 396 890; x_wconf 91' lang='grc' dir='ltr'>παγκράτιον</span> <span class='ocrx_word' id='word_1_54' title='bbox 415 807 589 884; x_wconf 89' lang='grc' dir='ltr'>ἐπασκήσας·</span> <span class='ocrx_word' id='word_1_55' title='bbox 609 811 708 868; x_wconf 82' lang='grc' dir='ltr'>τοῦτον</span> <span class='ocrx_word' id='word_1_56' title='bbox 724 808 754 866; x_wconf 76' lang='grc' dir='ltr'>δὲ</span> <span class='ocrx_word' id='word_1_57' title='bbox 770 809 820 868; x_wconf 82' lang='grc' dir='ltr'>τόν</span> <span class='ocrx_word' id='word_1_58' title='bbox 837 809 936 886; x_wconf 88' lang='grc' dir='ltr'>Ἑρμό-</span> 
     </span>
     <span class='ocr_line' id='line_1_10' title="bbox 135 895 937 973; baseline 0.005 -17"><span class='ocrx_word' id='word_1_59' title='bbox 135 903 221 958; x_wconf 90' lang='grc' dir='ltr'>λυκον</span> <span class='ocrx_word' id='word_1_60' title='bbox 247 898 389 972; x_wconf 83' lang='grc' dir='ltr'>κατέλαβε</span> <span class='ocrx_word' id='word_1_61' title='bbox 415 895 536 973; x_wconf 77' lang='grc' dir='ltr'>ὕστερον</span> <span class='ocrx_word' id='word_1_62' title='bbox 562 895 673 966; x_wconf 89' lang='grc' dir='ltr'>τούτων,</span> <span class='ocrx_word' id='word_1_63' title='bbox 694 896 822 973; x_wconf 90' lang='grc' dir='ltr'>πολέμου</span> <span class='ocrx_word' id='word_1_64' title='bbox 846 897 937 961; x_wconf 82' lang='grc' dir='ltr'>ἐόντος</span> 
     </span>
     <span class='ocr_line' id='line_1_11' title="bbox 133 984 938 1064; baseline -0.001 -19"><span class='ocrx_word' id='word_1_65' title='bbox 133 985 312 1061; x_wconf 87' lang='grc' dir='ltr'>Ἀθηναίοισί</span> <span class='ocrx_word' id='word_1_66' title='bbox 336 1011 367 1043; x_wconf 93' lang='grc' dir='ltr'>τε</span> <span class='ocrx_word' id='word_1_67' title='bbox 398 985 443 1042; x_wconf 85' lang='grc' dir='ltr'>καὶ</span> <span class='ocrx_word' id='word_1_68' title='bbox 474 985 671 1060; x_wconf 89' lang='grc' dir='ltr'>Καρυστίοισι,</span> <span class='ocrx_word' id='word_1_69' title='bbox 705 989 734 1043; x_wconf 88' lang='grc' dir='ltr'>ἐν</span> <span class='ocrx_word' id='word_1_70' title='bbox 762 984 861 1064; x_wconf 86' lang='grc' dir='ltr'>Κύρνῳ</span> <span class='ocrx_word' id='word_1_71' title='bbox 887 990 938 1061; x_wconf 80' lang='grc' dir='ltr'>τῆς</span> 
     </span>
     <span class='ocr_line' id='line_1_12' title="bbox 135 1070 937 1150; baseline 0.001 -19"><span class='ocrx_word' id='word_1_72' title='bbox 135 1074 297 1148; x_wconf 85' lang='grc' dir='ltr'>Καρυστίης</span> <span class='ocrx_word' id='word_1_73' title='bbox 309 1071 401 1150; x_wconf 76' lang='grc' dir='ltr'>χώρης</span> <span class='ocrx_word' id='word_1_74' title='bbox 421 1070 599 1131; x_wconf 70' lang='grc' dir='ltr'>ἀποθανόντα</span> <span class='ocrx_word' id='word_1_75' title='bbox 621 1076 649 1130; x_wconf 89' lang='grc' dir='ltr'>ἐν</span> <span class='ocrx_word' id='word_1_76' title='bbox 664 1070 752 1150; x_wconf 90' lang='grc' dir='ltr'>μάχη,</span> <span class='ocrx_word' id='word_1_77' title='bbox 768 1074 879 1132; x_wconf 84' lang='grc' dir='ltr'>κεῖσθαι</span> <span class='ocrx_word' id='word_1_78' title='bbox 892 1075 937 1132; x_wconf 87' lang='grc' dir='ltr'>ἐπὶ</span> 
     </span>
     <span class='ocr_line' id='line_1_13' title="bbox 135 1157 937 1238; baseline 0.002 -19"><span class='ocrx_word' id='word_1_79' title='bbox 135 1163 286 1238; x_wconf 62' lang='grc' dir='ltr'>Γεραιστῷ</span> <span class='ocrx_word' id='word_1_80' title='bbox 307 1159 378 1234; x_wconf 80' lang='grc' dir='ltr'>μετά</span> <span class='ocrx_word' id='word_1_81' title='bbox 397 1159 427 1217; x_wconf 83' lang='grc' dir='ltr'>δέ</span> <span class='ocrx_word' id='word_1_82' title='bbox 442 1157 614 1233; x_wconf 84' lang='grc' dir='ltr'>Ἀθηναίους,</span> <span class='ocrx_word' id='word_1_83' title='bbox 636 1160 782 1236; x_wconf 87' lang='grc' dir='ltr'>Κορίνθιοι</span> <span class='ocrx_word' id='word_1_84' title='bbox 796 1161 842 1218; x_wconf 87' lang='grc' dir='ltr'>καὶ</span> <span class='ocrx_word' id='word_1_85' title='bbox 858 1166 937 1237; x_wconf 81' lang='grc' dir='ltr'>Τροι-</span> 
     </span>
     <span class='ocr_line' id='line_1_14' title="bbox 136 1245 859 1325; baseline -0.003 -18"><span class='ocrx_word' id='word_1_86' title='bbox 136 1247 223 1324; x_wconf 83' lang='grc' dir='ltr'>ζήνιοι</span> <span class='ocrx_word' id='word_1_87' title='bbox 237 1248 282 1306; x_wconf 80' lang='grc' dir='ltr'>καὶ</span> <span class='ocrx_word' id='word_1_88' title='bbox 297 1246 440 1310; x_wconf 77' lang='grc' dir='ltr'>Σικυώνιοι</span> <span class='ocrx_word' id='word_1_89' title='bbox 453 1245 634 1325; x_wconf 86' lang='grc' dir='ltr'>η’ρίστευσαν.</span> <span class='ocrx_word' id='word_1_90' title='bbox 857 1277 859 1281; x_wconf 60' lang='grc'>’</span> 
     </span>
    </p>

    <p class='ocr_par' dir='ltr' id='par_1_3' title="bbox 89 1333 941 2816">
     <span class='ocr_line' id='line_1_15' title="bbox 89 1333 938 1414; baseline -0.002 -17"><span class='ocrx_word' id='word_1_91' title='bbox 89 1339 145 1397; x_wconf 89' lang='grc'>106</span> <span class='ocrx_word' id='word_1_92' title='bbox 194 1335 277 1395; x_wconf 87' lang='grc' dir='ltr'>Ἐπεί</span> <span class='ocrx_word' id='word_1_93' title='bbox 306 1362 338 1395; x_wconf 92' lang='grc' dir='ltr'>τε</span> <span class='ocrx_word' id='word_1_94' title='bbox 364 1334 394 1393; x_wconf 80' lang='grc' dir='ltr'>δὲ</span> <span class='ocrx_word' id='word_1_95' title='bbox 421 1333 629 1414; x_wconf 81' lang='grc' dir='ltr'>κατεργάσαντο</span> <span class='ocrx_word' id='word_1_96' title='bbox 657 1337 684 1393; x_wconf 84' lang='grc' dir='ltr'>οἷ</span> <span class='ocrx_word' id='word_1_97' title='bbox 708 1333 847 1412; x_wconf 84' lang='grc' dir='ltr'>Ἓλληνες</span> <span class='ocrx_word' id='word_1_98' title='bbox 873 1338 938 1401; x_wconf 78' lang='grc' dir='ltr'>τούς</span> 
     </span>
     <span class='ocr_line' id='line_1_16' title="bbox 135 1420 938 1504; baseline 0 -21"><span class='ocrx_word' id='word_1_99' title='bbox 135 1424 269 1495; x_wconf 78' lang='grc' dir='ltr'>πολλούς,</span> <span class='ocrx_word' id='word_1_100' title='bbox 280 1422 344 1486; x_wconf 81' lang='grc' dir='ltr'>τούς</span> <span class='ocrx_word' id='word_1_101' title='bbox 353 1425 405 1500; x_wconf 78' lang='grc' dir='ltr'>μὲν</span> <span class='ocrx_word' id='word_1_102' title='bbox 414 1423 591 1500; x_wconf 81' lang='grc' dir='ltr'>μαχομένους</span> <span class='ocrx_word' id='word_1_103' title='bbox 602 1420 669 1485; x_wconf 79' lang='grc' dir='ltr'>τούς</span> <span class='ocrx_word' id='word_1_104' title='bbox 683 1423 712 1480; x_wconf 84' lang='grc' dir='ltr'>δὲ</span> <span class='ocrx_word' id='word_1_105' title='bbox 727 1424 772 1481; x_wconf 88' lang='grc' dir='ltr'>καὶ</span> <span class='ocrx_word' id='word_1_106' title='bbox 783 1423 938 1504; x_wconf 88' lang='grc' dir='ltr'>φεύγοντας</span> 
     </span>
     <span class='ocr_line' id='line_1_17' title="bbox 133 1510 938 1590; baseline -0.001 -19"><span class='ocrx_word' id='word_1_107' title='bbox 133 1516 189 1571; x_wconf 82' lang='grc' dir='ltr'>τῶν</span> <span class='ocrx_word' id='word_1_108' title='bbox 208 1511 372 1589; x_wconf 84' lang='grc' dir='ltr'>βαρβάρων,</span> <span class='ocrx_word' id='word_1_109' title='bbox 392 1510 442 1573; x_wconf 80' lang='grc' dir='ltr'>τοὶς</span> <span class='ocrx_word' id='word_1_110' title='bbox 462 1511 524 1572; x_wconf 89' lang='grc' dir='ltr'>νέας</span> <span class='ocrx_word' id='word_1_111' title='bbox 545 1511 701 1585; x_wconf 77' lang='grc' dir='ltr'>ἐνέπρησαν</span> <span class='ocrx_word' id='word_1_112' title='bbox 726 1510 772 1568; x_wconf 86' lang='grc' dir='ltr'>καὶ</span> <span class='ocrx_word' id='word_1_113' title='bbox 791 1511 824 1570; x_wconf 83' lang='grc' dir='ltr'>τό</span> <span class='ocrx_word' id='word_1_114' title='bbox 845 1516 938 1590; x_wconf 81' lang='grc' dir='ltr'>τεῖχος</span> 
     </span>
     <span class='ocr_line' id='line_1_18' title="bbox 135 1594 937 1679; baseline 0.004 -23"><span class='ocrx_word' id='word_1_115' title='bbox 135 1598 217 1667; x_wconf 84' lang='grc' dir='ltr'>ἅπαν,</span> <span class='ocrx_word' id='word_1_116' title='bbox 239 1598 291 1674; x_wconf 77' lang='grc' dir='ltr'>τήν</span> <span class='ocrx_word' id='word_1_117' title='bbox 311 1599 394 1674; x_wconf 81' lang='grc' dir='ltr'>ληίην</span> <span class='ocrx_word' id='word_1_118' title='bbox 413 1594 653 1679; x_wconf 74' lang='grc' dir='ltr'>προεξαγαγόντες</span> <span class='ocrx_word' id='word_1_119' title='bbox 674 1602 701 1660; x_wconf 85' lang='grc' dir='ltr'>ἐς</span> <span class='ocrx_word' id='word_1_120' title='bbox 720 1597 770 1658; x_wconf 83' lang='grc' dir='ltr'>τόν</span> <span class='ocrx_word' id='word_1_121' title='bbox 791 1600 937 1679; x_wconf 72' lang='grc' dir='ltr'>αἰγιαλόν</span> 
     </span>
     <span class='ocr_line' id='line_1_19' title="bbox 136 1683 939 1764; baseline 0 -19"><span class='ocrx_word' id='word_1_122' title='bbox 136 1688 182 1745; x_wconf 87' lang='grc' dir='ltr'>καὶ</span> <span class='ocrx_word' id='word_1_123' title='bbox 198 1686 355 1764; x_wconf 90' lang='grc' dir='ltr'>θησαυρούς</span> <span class='ocrx_word' id='word_1_124' title='bbox 371 1712 447 1748; x_wconf 90' lang='grc' dir='ltr'>τινας</span> <span class='ocrx_word' id='word_1_125' title='bbox 465 1685 615 1764; x_wconf 85' lang='grc' dir='ltr'>χρημάτων</span> <span class='ocrx_word' id='word_1_126' title='bbox 634 1683 722 1762; x_wconf 83' lang='grc' dir='ltr'>εὗρον·</span> <span class='ocrx_word' id='word_1_127' title='bbox 744 1685 939 1762; x_wconf 81' lang='grc' dir='ltr'>ἐμπρήσαντες</span> 
     </span>
     <span class='ocr_line' id='line_1_20' title="bbox 136 1772 939 1853; baseline 0.002 -21"><span class='ocrx_word' id='word_1_128' title='bbox 136 1775 165 1832; x_wconf 81' lang='grc' dir='ltr'>δὲ</span> <span class='ocrx_word' id='word_1_129' title='bbox 178 1774 211 1834; x_wconf 83' lang='grc' dir='ltr'>τό</span> <span class='ocrx_word' id='word_1_130' title='bbox 224 1779 316 1853; x_wconf 85' lang='grc' dir='ltr'>τεῖχος</span> <span class='ocrx_word' id='word_1_131' title='bbox 330 1774 376 1832; x_wconf 83' lang='grc' dir='ltr'>καὶ</span> <span class='ocrx_word' id='word_1_132' title='bbox 388 1772 438 1835; x_wconf 75' lang='grc' dir='ltr'>τὰς</span> <span class='ocrx_word' id='word_1_133' title='bbox 448 1776 510 1836; x_wconf 88' lang='grc' dir='ltr'>νέας</span> <span class='ocrx_word' id='word_1_134' title='bbox 520 1772 672 1831; x_wconf 74' lang='grc' dir='ltr'>ἀπέπλεον.</span> <span class='ocrx_word' id='word_1_135' title='bbox 696 1772 859 1849; x_wconf 87' lang='grc' dir='ltr'>α’πικόμενοι</span> <span class='ocrx_word' id='word_1_136' title='bbox 870 1775 899 1832; x_wconf 79' lang='grc' dir='ltr'>δὲ</span> <span class='ocrx_word' id='word_1_137' title='bbox 910 1779 939 1838; x_wconf 89' lang='grc' dir='ltr'>ἐς</span> 
     </span>
     <span class='ocr_line' id='line_1_21' title="bbox 136 1859 939 1938; baseline 0.001 -19"><span class='ocrx_word' id='word_1_138' title='bbox 136 1859 234 1936; x_wconf 81' lang='grc' dir='ltr'>Σάμον</span> <span class='ocrx_word' id='word_1_139' title='bbox 244 1865 271 1920; x_wconf 85' lang='grc' dir='ltr'>οἱ</span> <span class='ocrx_word' id='word_1_140' title='bbox 279 1861 425 1936; x_wconf 87' lang='grc' dir='ltr'>Ἕλληνες,</span> <span class='ocrx_word' id='word_1_141' title='bbox 436 1860 621 1937; x_wconf 78' lang='grc' dir='ltr'>ἐβουλεύοντο</span> <span class='ocrx_word' id='word_1_142' title='bbox 632 1861 696 1937; x_wconf 80' lang='grc' dir='ltr'>περὶ</span> <span class='ocrx_word' id='word_1_143' title='bbox 706 1860 879 1924; x_wconf 84' lang='grc' dir='ltr'>α’ναστάσιος</span> <span class='ocrx_word' id='word_1_144' title='bbox 888 1867 939 1938; x_wconf 78' lang='grc' dir='ltr'>τῆς</span> 
     </span>
     <span class='ocr_line' id='line_1_22' title="bbox 134 1947 937 2027; baseline 0 -20"><span class='ocrx_word' id='word_1_145' title='bbox 134 1947 246 2025; x_wconf 85' lang='grc' dir='ltr'>Ἰωνίης,</span> <span class='ocrx_word' id='word_1_146' title='bbox 260 1950 306 2008; x_wconf 83' lang='grc' dir='ltr'>καὶ</span> <span class='ocrx_word' id='word_1_147' title='bbox 319 1948 375 2024; x_wconf 81' lang='grc' dir='ltr'>ὅπη</span> <span class='ocrx_word' id='word_1_148' title='bbox 388 1948 472 2027; x_wconf 85' lang='grc' dir='ltr'>χρεόν</span> <span class='ocrx_word' id='word_1_149' title='bbox 491 1949 532 2023; x_wconf 88' lang='grc' dir='ltr'>ε’ίη</span> <span class='ocrx_word' id='word_1_150' title='bbox 548 1951 598 2023; x_wconf 81' lang='grc' dir='ltr'>τῆς</span> <span class='ocrx_word' id='word_1_151' title='bbox 613 1947 752 2010; x_wconf 80' lang='grc' dir='ltr'>Ἑλλάδος</span> <span class='ocrx_word' id='word_1_152' title='bbox 770 1949 937 2020; x_wconf 89' lang='grc' dir='ltr'>κατοικίσαι,</span> 
     </span>
     <span class='ocr_line' id='line_1_23' title="bbox 135 2033 939 2118; baseline -0.006 -17"><span class='ocrx_word' id='word_1_153' title='bbox 135 2041 185 2113; x_wconf 80' lang='grc' dir='ltr'>τῆς</span> <span class='ocrx_word' id='word_1_154' title='bbox 204 2036 283 2098; x_wconf 74' lang='grc' dir='ltr'>αὐτοὶ</span> <span class='ocrx_word' id='word_1_155' title='bbox 304 2037 447 2118; x_wconf 85' lang='grc' dir='ltr'>ἐγκρατέες</span> <span class='ocrx_word' id='word_1_156' title='bbox 466 2034 550 2111; x_wconf 83' lang='grc' dir='ltr'>ἦσαν·</span> <span class='ocrx_word' id='word_1_157' title='bbox 584 2034 636 2110; x_wconf 79' lang='grc' dir='ltr'>τήν</span> <span class='ocrx_word' id='word_1_158' title='bbox 656 2035 685 2094; x_wconf 80' lang='grc' dir='ltr'>δέ</span> <span class='ocrx_word' id='word_1_159' title='bbox 702 2033 808 2110; x_wconf 89' lang='grc' dir='ltr'>Ἰωνίην</span> <span class='ocrx_word' id='word_1_160' title='bbox 828 2035 939 2096; x_wconf 84' lang='grc' dir='ltr'>α’πεῖναι</span> 
     </span>
     <span class='ocr_line' id='line_1_24' title="bbox 134 2122 940 2204; baseline -0.002 -19"><span class='ocrx_word' id='word_1_161' title='bbox 134 2130 211 2185; x_wconf 82' lang='grc' dir='ltr'>τοῖσι</span> <span class='ocrx_word' id='word_1_162' title='bbox 223 2125 411 2203; x_wconf 70' lang='grc' dir='ltr'>βαρβάροισυ</span> <span class='ocrx_word' id='word_1_163' title='bbox 432 2123 566 2183; x_wconf 73' lang='grc' dir='ltr'>ἀδύνατον</span> <span class='ocrx_word' id='word_1_164' title='bbox 581 2122 636 2204; x_wconf 75' lang='grc' dir='ltr'>γάρ</span> <span class='ocrx_word' id='word_1_165' title='bbox 655 2123 785 2199; x_wconf 90' lang='grc' dir='ltr'>ἐφαίνετό</span> <span class='ocrx_word' id='word_1_166' title='bbox 799 2129 854 2199; x_wconf 89' lang='grc' dir='ltr'>σφι</span> <span class='ocrx_word' id='word_1_167' title='bbox 868 2125 940 2184; x_wconf 87' lang='grc' dir='ltr'>εἶναι</span> 
     </span>
     <span class='ocr_line' id='line_1_25' title="bbox 137 2211 940 2288; baseline 0.001 -18"><span class='ocrx_word' id='word_1_168' title='bbox 137 2214 252 2276; x_wconf 80' lang='grc' dir='ltr'>ἑωυτούς</span> <span class='ocrx_word' id='word_1_169' title='bbox 277 2240 308 2272; x_wconf 90' lang='grc' dir='ltr'>τε</span> <span class='ocrx_word' id='word_1_170' title='bbox 333 2212 430 2272; x_wconf 81' lang='grc' dir='ltr'>Ἰάνων</span> <span class='ocrx_word' id='word_1_171' title='bbox 457 2211 652 2288; x_wconf 82' lang='grc' dir='ltr'>προκατῆσθαι</span> <span class='ocrx_word' id='word_1_172' title='bbox 679 2212 867 2288; x_wconf 89' lang='grc' dir='ltr'>φρουρέοντας</span> <span class='ocrx_word' id='word_1_173' title='bbox 888 2211 940 2274; x_wconf 82' lang='grc' dir='ltr'>τόν</span> 
     </span>
     <span class='ocr_line' id='line_1_26' title="bbox 136 2298 940 2378; baseline 0.002 -20"><span class='ocrx_word' id='word_1_174' title='bbox 136 2300 227 2359; x_wconf 86' lang='grc' dir='ltr'>πάντα</span> <span class='ocrx_word' id='word_1_175' title='bbox 239 2301 350 2378; x_wconf 90' lang='grc' dir='ltr'>χρόνον·</span> <span class='ocrx_word' id='word_1_176' title='bbox 372 2301 417 2358; x_wconf 80' lang='grc' dir='ltr'>καὶ</span> <span class='ocrx_word' id='word_1_177' title='bbox 431 2303 535 2358; x_wconf 79' lang='grc' dir='ltr'>ἑωυτῶν</span> <span class='ocrx_word' id='word_1_178' title='bbox 547 2298 587 2375; x_wconf 82' lang='grc' dir='ltr'>μή</span> <span class='ocrx_word' id='word_1_179' title='bbox 604 2299 826 2376; x_wconf 88' lang='grc' dir='ltr'>προκατημένων,</span> <span class='ocrx_word' id='word_1_180' title='bbox 840 2298 940 2364; x_wconf 82' lang='grc' dir='ltr'>Ἴωνας</span> 
     </span>
     <span class='ocr_line' id='line_1_27' title="bbox 136 2386 940 2465; baseline 0.005 -20"><span class='ocrx_word' id='word_1_181' title='bbox 136 2386 266 2462; x_wconf 77' lang='grc' dir='ltr'>οὐδεμίαν</span> <span class='ocrx_word' id='word_1_182' title='bbox 279 2387 380 2445; x_wconf 60' lang='grc' dir='ltr'>ἐλπιθα</span> <span class='ocrx_word' id='word_1_183' title='bbox 394 2386 470 2465; x_wconf 90' lang='grc' dir='ltr'>εἶχον</span> <span class='ocrx_word' id='word_1_184' title='bbox 483 2388 632 2463; x_wconf 87' lang='grc' dir='ltr'>χαίροντας</span> <span class='ocrx_word' id='word_1_185' title='bbox 652 2387 723 2465; x_wconf 83' lang='grc' dir='ltr'>πρός</span> <span class='ocrx_word' id='word_1_186' title='bbox 735 2392 790 2448; x_wconf 78' lang='grc' dir='ltr'>τῶν</span> <span class='ocrx_word' id='word_1_187' title='bbox 803 2390 940 2464; x_wconf 91' lang='grc' dir='ltr'>Περσέων</span> 
     </span>
     <span class='ocr_line' id='line_1_28' title="bbox 135 2473 940 2551; baseline 0.002 -18"><span class='ocrx_word' id='word_1_188' title='bbox 135 2473 320 2543; x_wconf 72' lang='grc' dir='ltr'>ἀπαλλάξειν.</span> <span class='ocrx_word' id='word_1_189' title='bbox 360 2474 431 2551; x_wconf 81' lang='grc' dir='ltr'>πρός</span> <span class='ocrx_word' id='word_1_190' title='bbox 443 2477 531 2533; x_wconf 81' lang='grc' dir='ltr'>ταῦτα</span> <span class='ocrx_word' id='word_1_191' title='bbox 547 2475 785 2550; x_wconf 85' lang='grc' dir='ltr'>Πελοποννησίων</span> <span class='ocrx_word' id='word_1_192' title='bbox 796 2478 850 2551; x_wconf 78' lang='grc' dir='ltr'>μὲν</span> <span class='ocrx_word' id='word_1_193' title='bbox 861 2481 940 2536; x_wconf 86' lang='grc' dir='ltr'>τοῖσι</span> 
     </span>
     <span class='ocr_line' id='line_1_29' title="bbox 137 2561 941 2639; baseline 0.006 -19"><span class='ocrx_word' id='word_1_194' title='bbox 137 2567 166 2621; x_wconf 90' lang='grc' dir='ltr'>ἐν</span> <span class='ocrx_word' id='word_1_195' title='bbox 188 2562 264 2621; x_wconf 84' lang='grc' dir='ltr'>τέλεϊ</span> <span class='ocrx_word' id='word_1_196' title='bbox 285 2566 363 2620; x_wconf 74' lang='grc' dir='ltr'>ἐοῦσι</span> <span class='ocrx_word' id='word_1_197' title='bbox 384 2561 475 2622; x_wconf 85' lang='grc' dir='ltr'>ἐδόκεε</span> <span class='ocrx_word' id='word_1_198' title='bbox 494 2566 549 2621; x_wconf 80' lang='grc' dir='ltr'>τῶν</span> <span class='ocrx_word' id='word_1_199' title='bbox 569 2562 745 2639; x_wconf 76' lang='grc' dir='ltr'>μηδισάντων</span> <span class='ocrx_word' id='word_1_200' title='bbox 765 2563 864 2622; x_wconf 88' lang='grc' dir='ltr'>ἐθνέων</span> <span class='ocrx_word' id='word_1_201' title='bbox 883 2568 941 2625; x_wconf 79' lang='grc' dir='ltr'>τῶν</span> 
     </span>
     <span class='ocr_line' id='line_1_30' title="bbox 135 2648 941 2728; baseline 0.006 -21"><span class='ocrx_word' id='word_1_202' title='bbox 135 2648 309 2724; x_wconf 82' lang='grc' dir='ltr'>Ἑλληνικῶν</span> <span class='ocrx_word' id='word_1_203' title='bbox 321 2649 357 2709; x_wconf 77' lang='grc' dir='ltr'>τά</span> <span class='ocrx_word' id='word_1_204' title='bbox 371 2650 492 2728; x_wconf 88' lang='grc' dir='ltr'>ἐμπόρια</span> <span class='ocrx_word' id='word_1_205' title='bbox 512 2649 763 2725; x_wconf 83' lang='grc' dir='ltr'>ἐξαναστήσαντας,</span> <span class='ocrx_word' id='word_1_206' title='bbox 778 2649 874 2710; x_wconf 80' lang='grc' dir='ltr'>δοῦναι</span> <span class='ocrx_word' id='word_1_207' title='bbox 886 2651 941 2727; x_wconf 79' lang='grc' dir='ltr'>τήν</span> 
     </span>
     <span class='ocr_line' id='line_1_31' title="bbox 134 2735 941 2816; baseline 0.006 -22"><span class='ocrx_word' id='word_1_208' title='bbox 134 2737 228 2816; x_wconf 79' lang='grc' dir='ltr'>χώρην</span> <span class='ocrx_word' id='word_1_209' title='bbox 248 2735 329 2797; x_wconf 88' lang='grc' dir='ltr'>Ἴωσι</span> <span class='ocrx_word' id='word_1_210' title='bbox 358 2743 510 2814; x_wconf 82' lang='grc' dir='ltr'>ἐνοικῆσαι·</span> <span class='ocrx_word' id='word_1_211' title='bbox 530 2737 705 2813; x_wconf 87' lang='grc' dir='ltr'>Ἀθηναίοισι</span> <span class='ocrx_word' id='word_1_212' title='bbox 726 2738 756 2797; x_wconf 83' lang='grc' dir='ltr'>δὲ</span> <span class='ocrx_word' id='word_1_213' title='bbox 776 2736 825 2796; x_wconf 84' lang='grc' dir='ltr'>ούκ</span> <span class='ocrx_word' id='word_1_214' title='bbox 846 2737 941 2800; x_wconf 82' lang='grc' dir='ltr'>ἐδόκεε</span> 
     </span>
    </p>

    <p class='ocr_par' dir='ltr' id='par_1_4' title="bbox 56 2817 976 3357">
     <span class='ocr_line' id='line_1_32' title="bbox 117 2817 941 2907; baseline 0.007 -26"><span class='ocrx_word' id='word_1_215' title='bbox 117 2824 234 2904; x_wconf 80' lang='grc' dir='ltr'>,α’ρχήν,</span> <span class='ocrx_word' id='word_1_216' title='bbox 252 2824 357 2902; x_wconf 91' lang='grc' dir='ltr'>Ἰωνίην</span> <span class='ocrx_word' id='word_1_217' title='bbox 374 2826 506 2907; x_wconf 91' lang='grc' dir='ltr'>γενέσθαι</span> <span class='ocrx_word' id='word_1_218' title='bbox 525 2825 692 2894; x_wconf 78' lang='grc' dir='ltr'>ἀνάστατον,</span> <span class='ocrx_word' id='word_1_219' title='bbox 709 2825 772 2885; x_wconf 75' lang='grc' dir='ltr'>οὐδὲ</span> <span class='ocrx_word' id='word_1_220' title='bbox 791 2817 941 2887; x_wconf 79' lang='grc' dir='ltr'>Πελόπον-</span> 
     </span>
     <span class='ocr_line' id='line_1_33' title="bbox 136 2913 941 2991; baseline 0.004 -19"><span class='ocrx_word' id='word_1_221' title='bbox 136 2915 261 2989; x_wconf 91' lang='grc' dir='ltr'>νησίοισι</span> <span class='ocrx_word' id='word_1_222' title='bbox 284 2915 348 2991; x_wconf 81' lang='grc' dir='ltr'>περὶ</span> <span class='ocrx_word' id='word_1_223' title='bbox 368 2920 422 2973; x_wconf 80' lang='grc' dir='ltr'>τῶν</span> <span class='ocrx_word' id='word_1_224' title='bbox 444 2913 588 2989; x_wconf 92' lang='grc' dir='ltr'>σφετέρων</span> <span class='ocrx_word' id='word_1_225' title='bbox 611 2913 757 2973; x_wconf 90' lang='grc' dir='ltr'>α’ποικιέων</span> <span class='ocrx_word' id='word_1_226' title='bbox 779 2913 941 2990; x_wconf 81' lang='grc' dir='ltr'>βουλεύειν·</span> 
     </span>
     <span class='ocr_line' id='line_1_34' title="bbox 126 2999 941 3077; baseline 0.002 -17"><span class='ocrx_word' id='word_1_227' title='bbox 126 3000 339 3063; x_wconf 82' lang='grc' dir='ltr'>α’ντιτεινόντων</span> <span class='ocrx_word' id='word_1_228' title='bbox 357 3001 387 3062; x_wconf 82' lang='grc' dir='ltr'>δὲ</span> <span class='ocrx_word' id='word_1_229' title='bbox 404 2999 507 3060; x_wconf 90' lang='grc' dir='ltr'>τούτων</span> <span class='ocrx_word' id='word_1_230' title='bbox 527 3000 683 3077; x_wconf 87' lang='grc' dir='ltr'>προθύμως,</span> <span class='ocrx_word' id='word_1_231' title='bbox 704 3001 779 3070; x_wconf 81' lang='grc' dir='ltr'>εἶξαν</span> <span class='ocrx_word' id='word_1_232' title='bbox 798 3004 825 3060; x_wconf 78' lang='grc' dir='ltr'>οἱ</span> <span class='ocrx_word' id='word_1_233' title='bbox 845 3007 941 3063; x_wconf 85' lang='grc' dir='ltr'>Πελο-</span> 
     </span>
     <span class='ocr_line' id='line_1_35' title="bbox 115 3087 941 3168; baseline -0.006 -18"><span class='ocrx_word' id='word_1_234' title='bbox 115 3090 286 3168; x_wconf 79' lang='grc' dir='ltr'>ποννήσιοι·</span> <span class='ocrx_word' id='word_1_235' title='bbox 314 3094 362 3154; x_wconf 86' lang='grc' dir='ltr'>καὶ</span> <span class='ocrx_word' id='word_1_236' title='bbox 381 3089 455 3152; x_wconf 75' lang='grc' dir='ltr'>οὕτω</span> <span class='ocrx_word' id='word_1_237' title='bbox 474 3087 509 3165; x_wconf 74' lang='grc' dir='ltr'>δή</span> <span class='ocrx_word' id='word_1_238' title='bbox 526 3088 651 3165; x_wconf 70' lang='grc' dir='ltr'>Σαμίους</span> <span class='ocrx_word' id='word_1_239' title='bbox 670 3113 701 3146; x_wconf 81' lang='grc' dir='ltr'>τε</span> <span class='ocrx_word' id='word_1_240' title='bbox 721 3089 767 3146; x_wconf 71' lang='grc' dir='ltr'>καὶ</span> <span class='ocrx_word' id='word_1_241' title='bbox 783 3088 871 3151; x_wconf 74' lang='grc' dir='ltr'>Χίους</span> <span class='ocrx_word' id='word_1_242' title='bbox 891 3093 941 3151; x_wconf 83' lang='grc' dir='ltr'>καὶ</span> 
     </span>
     <span class='ocr_line' id='line_1_36' title="bbox 56 3174 954 3258; baseline -0.006 -19"><span class='ocrx_word' id='word_1_243' title='bbox 56 3230 59 3239; x_wconf 91' lang='grc'>.</span> <span class='ocrx_word' id='word_1_244' title='bbox 102 3183 270 3258; x_wconf 79' lang='grc' dir='ltr'>Λεσβίους</span> <span class='ocrx_word' id='word_1_245' title='bbox 300 3186 351 3247; x_wconf 84' lang='grc' dir='ltr'>καὶ</span> <span class='ocrx_word' id='word_1_246' title='bbox 382 3181 452 3247; x_wconf 72' lang='grc' dir='ltr'>τοὺς</span> <span class='ocrx_word' id='word_1_247' title='bbox 487 3177 598 3242; x_wconf 72' lang='grc' dir='ltr'>ἄλλους</span> <span class='ocrx_word' id='word_1_248' title='bbox 627 3174 778 3252; x_wconf 74' lang='grc' dir='ltr'>νησιῶτας,</span> <span class='ocrx_word' id='word_1_249' title='bbox 802 3174 831 3230; x_wconf 63' lang='grc' dir='ltr'>ολ</span> <span class='ocrx_word' id='word_1_250' title='bbox 854 3175 954 3251; x_wconf 65' lang='grc' dir='ltr'>ἶτυγῳυ</span> 
     </span>
     <span class='ocr_line' id='line_1_37' title="bbox 108 3261 976 3357; baseline 0.003 -27"><span class='ocrx_word' id='word_1_251' title='bbox 108 3276 397 3357; x_wconf 81' lang='grc' dir='ltr'>ὐστρατευόμενοι</span> <span class='ocrx_word' id='word_1_252' title='bbox 422 3277 509 3338; x_wconf 83' lang='grc' dir='ltr'>τοῖσι</span> <span class='ocrx_word' id='word_1_253' title='bbox 519 3270 669 3344; x_wconf 76' lang='grc' dir='ltr'>Ἕλλησι,</span> <span class='ocrx_word' id='word_1_254' title='bbox 691 3267 717 3324; x_wconf 60' lang='grc' dir='ltr'>’ἱῖ</span> <span class='ocrx_word' id='word_1_255' title='bbox 737 3261 773 3319; x_wconf 62' lang='grc' dir='ltr'>Τῗ)</span> <span class='ocrx_word' id='word_1_256' title='bbox 793 3261 976 3333; x_wconf 53' lang='grc' dir='ltr'>ῦψιλψῖν</span> 
     </span>
    </p>
   </div>
   <div class='ocr_carea' id='block_1_2' title="bbox 0 0 1021 3450">
    <p class='ocr_par' dir='ltr' id='par_1_5' title="bbox 0 0 1021 3450">
     <span class='ocr_line' id='line_1_38' title="bbox 0 0 1021 3450; baseline 0 0"><span class='ocrx_word' id='word_1_257' title='bbox 0 0 1021 3450; x_wconf 95' lang='lat' dir='ltr'> </span> 
     </span>
    </p>
   </div>
  </div>
 </body>
</html>
