2024 3450
122 102 169 148 ιιι
422 97 606 146 Ἧυοκουου
839 96 920 162 [vu

120 178 264 238 τοίσκοπον
285 177 380 246 ἱππέα,
402 177 511 236 ἰδέσθαι
530 174 630 236 ὁκόσοι
653 175 686 236 τέ
708 177 764 237 εἶσι
786 177 832 236 καὶ
854 177 871 238 ὅ
892 205 924 241 τι

120 266 252 334 ποιέοιεν,
274 263 390 341 ἀκηκόεε
403 264 433 323 δέ
446 265 486 323 ἐτι
499 264 550 324 ἐών
569 268 599 323 ἐν
617 265 774 342 Θεσσαλίῃ,
789 264 824 328 ώς
837 266 923 327 άλισ-

119 353 189 429 μένη
211 354 252 429 εἴη
272 351 359 431 ταύτῃ
380 353 498 429 στρατιὴ
520 351 612 433 ὀλίγη,
635 353 680 410 καὶ
699 351 764 415 τούς
781 351 923 432 ἡγεμόνας

120 439 156 502 ώς
170 442 268 516 εἴησαν
286 439 501 516 Λακεδαιμόνιοί
517 465 547 499 τε
566 442 612 498 καὶ
625 439 764 514 Λεωνίδης
778 439 829 499 ἐών
841 442 923 520 γένος

119 527 312 604 Ἡρακλείδης·
344 528 380 592 ώς
400 529 430 587 δέ
449 528 614 605 προσέλασε
634 526 650 586 ὀ
672 527 771 591 ἶππειλς
796 528 867 605 πρός
888 532 922 590 τὰ

120 616 320 694 στρατόπεδον,
339 614 446 693 ἐθηεῖτό
464 641 494 675 τε
511 615 557 676 καὶ
575 613 686 692 κατώρα
700 617 758 675 πᾶν
775 617 826 691 μὲν
841 615 873 674 οό
887 619 922 678 τό

119 704 320 782 στρατόπεδον·
333 703 398 767 τούς
406 703 461 785 γοῖρ
475 704 530 763 ἐσω
542 703 726 783 τεταγμένως
738 707 789 762 τοῦ
802 705 920 783 τείχεος,

118 791 151 852 τό
175 791 382 868 ἀνορθώσαντες
403 791 479 869 εἶχον
500 796 529 850 ἐν
550 786 672 869 φυλακῇ,
696 789 745 849 οὐκ
767 791 814 850 οἶά
833 818 865 851 τε
886 793 922 868 ἦν

120 880 290 939 κατιδέσθαι·
312 878 328 938 ὀ
350 879 380 937 δέ
394 878 460 940 ποός
479 879 528 947 ἐξω
551 879 686 954 ἐμάνθανε
707 881 784 937 τοῖσι
799 878 855 954 πρό
869 886 921 939 τοῦ

117 967 223 1044 τείχεος
235 966 270 1025 τοὶ
284 965 361 1025 ὅπλα
375 967 470 1024 ἔκειτο·
492 967 590 1043 ἔτυχον
603 965 633 1023 δέ
646 969 745 1025 τοῦτον
755 964 804 1025 τόν
816 966 921 1044 χρόνον

116 1052 329 1129 Λακεδαιμόνιοι
357 1053 406 1122 ἔξω
432 1053 604 1132 τεταγμένοι·
639 1053 704 1115 τούς
726 1056 777 1129 μὲν
800 1053 835 1128 δή
860 1054 921 1133 ώρα

116 1141 338 1222 γυμναζομένους
350 1146 405 1202 τῶν
419 1139 532 1218 α’νδρῶν,
547 1141 612 1204 τούς
625 1141 655 1200 δέ
667 1140 717 1204 τοὶς
731 1140 818 1218 κόμας
832 1169 921 1204 κτενι-

116 1231 255 1308 ζομένους·
269 1235 356 1311 ταῦτα
367 1229 400 1306 δή
412 1228 546 1305 θεώμενος
557 1229 688 1305 ἐθώμαζε,
703 1231 749 1288 καὶ
761 1230 794 1290 τό
807 1234 920 1306 πλῆθος

79 1305 85 1350 Ῐ
117 1316 260 1394 ἐμάνθανε,
273 1318 370 1395 μαθών
384 1317 414 1377 δέ
427 1316 518 1377 πάντα
528 1316 661 1394 οἶτρεκέως
671 1315 816 1393 αἷπήλαυνε
825 1317 919 1380 ὀπίσω

117 1404 175 1464 κατ’
195 1404 324 1483 ἡσυχίην·
347 1403 409 1465 οὔτε
421 1403 476 1487 γάρ
490 1432 531 1469 τις
548 1406 641 1464 ἐδίωκε
654 1403 771 1485 α’λογίης
784 1431 815 1465 τε
829 1408 919 1468 ἐνεκύ-

115 1519 186 1570 ρησε
200 1498 321 1570 πολλῆς·
343 1493 474 1554 ὀπελθών
488 1493 517 1552 δέ
531 1494 611 1574 ἔλεγε
624 1492 694 1570 πρός
710 1493 814 1571 Ξέρξεα
827 1493 918 1574 τάπερ

67 1581 126 1639 209
139 1580 248 1640 ὀπώπεε
263 1581 364 1643 πάντα.
393 1580 516 1642 Ἀκοόων
533 1580 563 1640 δέ
581 1581 687 1659 Ξέρξης
703 1581 753 1640 οὐκ
770 1581 828 1660 εἶχε
845 1606 919 1660 συμ-

114 1670 259 1744 βαλέσθαι
272 1670 306 1730 τό
317 1670 370 1743 ἐόν,
386 1670 430 1731 ὅτι
442 1669 699 1747 παρασκευάζοιντο
714 1669 748 1732 ώς
762 1668 917 1747 ἀπολεόμε-

115 1757 161 1814 νοί
178 1782 209 1815 τε
231 1758 276 1815 καὶ
300 1757 468 1820 ἀπολέοντες
496 1756 565 1816 κατό
592 1756 715 1835 δύναμιν·
750 1756 816 1816 ἀλλ’
841 1758 919 1840 αὐτῷ

114 1847 213 1925 γελοῖα
225 1844 281 1924 γάρ
296 1847 442 1920 ἐφαίνοντο
453 1847 564 1917 ποιέειν,
574 1847 772 1923 μετεπέμψατο
783 1846 917 1925 Δημάρη-

108 1941 164 2011 Ῐτον
176 1931 225 1993 τόν
238 1930 406 2016 Ἀρίστωνος
419 1932 501 1994 ἐόντα
514 1939 543 1993 ἐν
556 1938 594 2013 τῷ
608 1935 796 2013 στρατοπέδῳ·
820 1933 918 1996 α’πικά·

107 2024 197 2098 ἷμενον
217 2021 248 2081 δέ
266 2021 430 2100 μινέἰρώτα
444 2022 551 2099 Ξέρξης
567 2022 673 2081 ἕκαστα
685 2020 797 2090 τούτων,
813 2023 919 2086 ἐθέλων

114 2110 227 2184 μαθέειν
246 2110 280 2170 τό
301 2110 464 2187 ποιεύμενον
479 2108 550 2186 πρός
566 2113 622 2168 τῶν
638 2109 872 2184 Λακεδαιμονίων·
901 2113 918 2173 ὁ

113 2196 143 2253 δέ
170 2196 239 2255 εἶπε·
274 2207 293 2233 “
301 2196 423 2272 ἤκουσας
451 2197 504 2273 μέν
530 2221 582 2271 μευ
610 2195 655 2253 καὶ
682 2194 826 2270 πρότερον,
855 2198 919 2261 εὖτε

112 2280 242 2358 ὁρμῶμεν
256 2283 302 2342 ἐπὶ
315 2284 366 2358 την
378 2282 513 2352 Ἐλλάδα,
527 2283 592 2360 περὶ
609 2286 664 2341 τῶν
681 2280 788 2358 α’νδρών
801 2285 917 2349 τούτων·

116 2367 238 2432 ἀκούσας
258 2370 296 2440 δέ,
316 2368 427 2450 γέλωτά
446 2395 483 2445 με
504 2369 564 2428 ἔθευ
584 2370 705 2449 λέγοντα
725 2368 813 2449 τάπερ
838 2374 918 2450 ὥρων

113 2454 295 2533 ἐκβησόμενα
305 2455 457 2537 πρήγματα
467 2460 564 2517 ταῦτα·
580 2458 641 2535 ἐμοὶ
650 2457 705 2539 γὰρ
716 2457 767 2536 τὴν
777 2459 918 2538 α’ληθηΐην

112 2541 225 2603 α’σκέειν
240 2543 320 2605 α’ντία
335 2547 396 2615 σεῦ,
415 2543 436 2603 ὦ
449 2546 583 2621 βασιλεῦ,
597 2544 672 2627 α’γών
689 2547 824 2628 μέγιστός
843 2552 922 2619 ἐστυ,

113 2629 235 2691 ἄκουσον
248 2632 278 2691 δὲ
292 2632 338 2691 καὶ
351 2635 409 2693 νῦν·
430 2636 457 2692 οἱ
476 2632 571 2711 ἄνδρες
591 2632 668 2694 οὗτοι
682 2635 815 2695 ἀπίκαται
828 2661 917 2715 μαχε-

113 2717 229 2795 σόμενοι
239 2719 307 2796 ἡμῖν
316 2720 381 2798 περὶ
393 2725 443 2796 τῆς
460 2720 568 2792 ἐσόδου,
584 2722 629 2782 καὶ
642 2723 730 2784 ταότα
739 2724 916 2801 παρασκευά-

113 2806 215 2877 ζονται·
236 2806 320 2885 νόμος
336 2807 391 2889 γάρ
410 2816 466 2885 σφι
483 2809 553 2869 οὕτω
571 2811 640 2889 έχων
659 2812 730 2870 ἐστί·
752 2810 834 2870 ἐπεάν
846 2812 915 2888 μέλ-

109 2898 186 2956 λωσι
206 2895 369 2958 κινδυνεύειν
389 2902 424 2977 τῇ
445 2902 531 2977 ψυχῇ,
550 2897 614 2958 τότε
635 2898 684 2962 τοὶς
701 2897 827 2974 κεφαλάς
848 2925 915 2958 κοσ-

89 2984 226 3058 μάννα-αι·
248 2987 374 3052 ἐπίσταο
392 2988 432 3061 δὲ,
452 2991 475 3049 εἰ
492 2986 612 3051 τοότους
626 3013 658 3047 τε
676 2989 722 3045 καλ
733 2987 767 3044 xz,
781 2986 919 3058 λιτομέναν

81 3075 116 3131 ‘³1‘
141 3077 276 3164 Σπάρτῃ
297 3080 537 3166 καταστρέψεαι,
561 3080 629 3141 ’ἐστι
652 3074 732 3136 οδδὶν
760 3069 838 3127 mo
856 3067 944 3166 Jssvtss

64 3157 241 3244 αζθραίπων
262 3175 299 3244 τό
321 3181 372 3258 σέ,
386 3177 546 3264 βασιλεῦ,
559 3163 723 3247 ὀττυμλῑνὲει
737 3159 840 3236 Χεῖρας
853 3169 963 3203 ‘mm'

767 3240 802 3298 ο),
817 3226 984 3292 &mv

111 3277 203 3324 Ιανον·
230 3276 289 3336 νῦν
304 3275 374 3360 γάρ
387 3271 476 3359 πρὸς
497 3255 682 3353 βασιληῗην
697 3269 736 3309 ‘¹‘
750 3269 767 3301 κ
