2024 3450
119 107 154 170 ιιΙ
357 131 361 138 -
418 104 610 155 ’Ἢνοιουου
695 103 703 116 ·
774 164 776 168 ,
871 106 919 171 [ν.

119 190 215 249 ναῖκας
232 187 301 265 έχων
316 184 365 246 δύο
382 185 459 255 διξοὶς
476 186 567 248 ἱστίας
583 185 663 256 οἴκεε,
677 186 777 245 ποιέων
792 185 924 264 ούδαμῦς

71 276 107 333 41
121 272 318 350 Σπαρτιητικά.
356 273 466 350 Χρόνου
486 274 516 333 δὲ
537 272 569 332 οῦ
587 277 699 332 πολλοῦ
718 273 922 353 διελθόντος,ἦ

120 361 271 438 ἐσύστερον
288 362 449 421 ἐπελθοῦσα
461 361 531 442 γυνή
544 361 630 421 τίκτει
642 361 691 421 τῦν
705 360 739 436 δη
754 364 923 439 Κλεομένεα

118 452 227 509 τοῦτον·
254 449 299 507 καὶ
315 448 385 524 αῦτη
400 476 432 508 τε
448 449 564 527 ἔφεδρον
579 450 706 524 βασιλέα
724 449 918 529 Σπαρτιήτῃσι

119 535 264 612 α’πέφαινε,
284 538 330 595 καὶ
346 537 364 611 ἦ
381 537 503 614 προτέρη
521 536 590 617 γυνή
604 536 653 596 τίν
665 535 802 614 πρότερον
814 539 921 616 χρόνον

117 623 217 689 ἄτοκος
243 629 330 684 ἐοῦσα
356 626 428 684 τότε.
447 629 500 687 κῶς
529 624 639 700 ἐκύησε,
667 625 802 703 συντυχίη
829 627 921 706 ταύτῃ

117 715 292 791 χρησαμένη.Ι
314 714 435 791 ἔχουσαν
456 713 485 770 δὲ
505 711 592 787 αῦτήν
612 710 714 787 ἅληθέϊ
729 711 806 793 λόγῳ
824 717 851 773 οἱ
866 720 921 792 τῆς

117 800 292 874 ἐπελθούσης
308 799 437 878 γωναικῦς
451 797 551 874 οῖκήῖοι
569 800 720 875 πυθόμενοι
734 798 848 878 ὤχλεον,
863 803 920 878 φύ-

116 913 194 962 μενοι
208 885 294 960 αύτήν
308 887 438 961 κομπέειν
451 885 545 948 ἄλλως
557 887 735 962 βουλομένην
752 887 920 964 ῦποβαλέσ-

117 974 173 1032 θαι·
195 974 269 1032 δειναὶ
288 973 318 1032 δέ
336 973 484 1033 ποιεύντων
502 971 598 1046 αὐτῶν,
612 978 662 1033 τοῦ
678 974 781 1053 χρόνου
794 978 912 1054 συντάμ-

118 1085 221 1130 νοντος,
233 1059 278 1119 ὑπ’
289 1059 421 1135 ἀπιστίης
433 1063 460 1120 οἶ
473 1061 572 1138 ἔφοροι
580 1062 730 1122 τίκτουσαν
739 1062 790 1138 τήν
799 1069 919 1144 γυναῖκα

71 1179 80 1205 x.
117 1148 302 1224 περιῖζόμενοι
321 1147 473 1223 ἐφύλαξαν·
493 1148 512 1224 ἦ
529 1149 558 1207 δὲ
572 1148 608 1211 οἷς
620 1151 694 1208 ἔτεκε
711 1151 820 1228 Δωριέα
839 1154 918 1217 ἰθέως

118 1236 194 1312 ἴσχει
207 1236 354 1312 Λεωνίδην,
370 1237 415 1294 καὶ
427 1236 499 1314 μετοὶ
511 1240 611 1296 τοῦτον
624 1238 702 1300 ἰθέως
714 1239 790 1317 ἴσχει
804 1240 919 1317 Κλεόμ-

116 1324 231 1399 βροτον·
260 1327 287 1383 οἱ
308 1324 337 1383 δὲ
356 1325 402 1382 καὶ
422 1324 552 1401 διδύμους
571 1326 689 1404 λέγουσι
710 1327 918 1403 Κλεόμβροτόν

116 1437 147 1470 τε
166 1414 212 1472 καὶ
228 1413 367 1488 Λεωνίδην
379 1413 521 1494 γενέσθαι·
541 1411 560 1487 η’
575 1412 604 1470 δὲ
618 1413 780 1489 Κλεομένεα
795 1419 919 1476 τεκοῦσα

119 1500 217 1561 καὶτὰ
238 1500 363 1579 δεύτερον
386 1501 546 1560 ἐπελθοῦσα
572 1499 651 1581 γυνή,
679 1505 765 1560 ἐοῦσα
793 1502 918 1583 θυγάτηρ

117 1589 295 1667 Πρινητάδεω
314 1594 365 1651 τοῦ
379 1590 574 1667 Δημαρμένου,
589 1586 680 1648 οῦκέτι
700 1589 788 1648 ἔτικτε
805 1590 838 1650 τό
858 1591 917 1652 δεύ-

117 1703 205 1753 τερον.
453 1729 455 1733 ,
738 1667 758 1678 μ

68 1765 106 1820 42
157 1764 190 1823 ‘0
208 1768 260 1841 μὲν
279 1767 312 1842 δή
328 1769 499 1842 Κλεομένης,
514 1767 556 1830 ὦς·
563 1768 683 1844 λέγεται,
699 1764 733 1840 ἦν
746 1792 777 1825 τε
788 1765 821 1825 ού
834 1763 918 1842 φρέν-

115 1848 185 1924 ήρης
211 1850 369 1926 α’κρομανής
388 1877 427 1919 τε,
449 1852 464 1909 ὁ
486 1853 516 1909 δὲ
536 1850 657 1926 Δωριεύς
680 1851 714 1923 ἦν
740 1857 796 1910 τῶν
813 1851 918 1926 η’λίκων

115 1935 225 1995 πάντων
245 1941 363 2011 πρῶτος·
391 1936 420 1994 εὗ
440 1962 472 1995 τε
493 1938 628 1995 ἐπίστατο
650 1935 708 1993 κατ’
730 1935 920 2015 ἀνδραγαθίην

116 2022 201 2087 αῦτός
220 2023 337 2102 σχήσων
356 2023 409 2099 τήν
428 2023 596 2099 βασιληίην·
619 2019 690 2078 ὥστε
707 2019 744 2079 ὧν
763 2019 833 2079 οὕτω
848 2030 918 2101 φρο-

117 2112 191 2181 νέων,
206 2112 299 2187 έπειδῆ
314 2111 330 2172 ὅ
343 2137 374 2170 τε
386 2108 600 2185 Ἀναξανδρίδης
617 2106 738 2168 α’πέθανε
757 2108 803 2168 καὶ
820 2112 846 2168 οἱ
860 2119 918 2173 Λα-

116 2200 282 2276 κεδαιμόνιοι
300 2197 452 2276 χρεώμενοι
469 2199 508 2275 τῷ
526 2195 601 2274 νόμῳ
619 2195 776 2271 ἐστήσαντο
790 2198 919 2273 βασιλέα

114 2285 164 2346 τῦν
184 2286 383 2363 πρεσβύτατον
407 2285 578 2361 Κλεομένεα,
600 2283 615 2343 ὁ
637 2284 758 2361 Δωριεύς
778 2286 866 2347 δεινόν
886 2316 919 2348 τε

115 2373 277 2450 ποιεύμενος
290 2374 336 2431 καὶ
349 2371 399 2432 οῦκ
412 2372 496 2442 α’ξιῶν
513 2371 568 2433 ῦπὸ
589 2373 763 2448 Κλεομένεος
780 2375 918 2449 βασιλεύ-

116 2463 206 2530 εσθαι,
228 2460 345 2536 αἰτήσας
365 2460 436 2521 λαῦν
460 2461 638 2538 Σπαρτιήτας
658 2458 708 2538 ἆγε
729 2466 757 2523 ἐς
778 2460 917 2541 οἷποικίην,

116 2547 178 2607 οῦτε
205 2553 243 2628 τῷ
269 2554 298 2608 ἐν
327 2553 472 2625 Δελφοῖσι
497 2549 659 2628 χρηστηρίῳ
685 2548 864 2625 χρησάμενος
890 2556 918 2614 ἐς

115 2635 212 2710 ἥντινα
239 2641 293 2717 γρῖν
321 2639 423 2697 κτίσων
451 2639 487 2716 ἰἠ,
516 2636 578 2697 οὔτε
607 2635 729 2710 ποιήσας
759 2635 837 2695 οῦδὲν
863 2641 918 2698 τῶν

116 2725 309 2800 νομιζομένων,
332 2726 377 2784 οἶα
401 2725 431 2784 δέ
452 2726 562 2802 βαρέως
590 2727 682 2800 φέρων
709 2723 785 2783 ἀπίει
812 2728 840 2786 ἐς
865 2725 918 2800 τήν

116 2811 227 2888 Λιβύην
244 2811 280 2872 τὰ
294 2817 390 2871 πλοῖα·
413 2813 581 2893 κατηγέοντο
595 2812 626 2870 δέ
639 2814 665 2870 οἱ
681 2810 777 2888 ἄνδρες
789 2817 917 2889 Θηραῖοι,
972 2826 975 2830 ’

117 2898 282 2975 ἀπικόμενος
303 2900 326 2959 δ’
347 2907 374 2964 ἐς
395 2902 515 2969 Κίνυπα,
537 2901 627 2958 οἴκισε
647 2903 739 2976 χῶρον
760 2898 918 2960 κάλλιστον

115 2991 170 3046 τῶν
187 2987 302 3063 Λιβύων
320 2988 397 3066 παρὰ
414 2986 551 3063 ποταμόν·
574 2988 735 3056 ἐξελασθεὶς
748 2988 777 3046 δὲ
793 2987 918 3048 ἐνθεῦτεν

115 3077 198 3156 τρίτῳ
219 3077 272 3135 ἐπεῖ
291 3076 346 3137 ῦπῦ
367 3077 486 3134 Μακέων
504 3102 533 3134 τε
553 3076 598 3133 καὶ
614 3076 728 3150 Λιβύων
743 3075 787 3133 καὶ
802 3079 916 3153 Καρχη-

68 3165 219 3236 43δονίων,
235 3165 349 3226 α’πίκετο
369 3170 395 3227 ἐς
415 3163 646 3240 Πελοπόννησον.
687 3163 824 3221 Ἐνθαῦτα
843 3162 874 3220 δέ
890 3167 918 3222 οἱ

13 3282 20 3357 γ
104 3249 278 3333 Άντιχαῷης)
301 3255 376 3336 α’νήρ
405 3252 558 3319 Ἐλεώνιος
585 3248 803 3327 συνεβούλευσε
825 3251 859 3302 ’ἐκ
877 3251 932 3304 τῶν
