2024 3450
83 91 224 155 ιιι-ιιι]
386 90 589 140 τυννικονιτ.
852 94 885 139 53

83 176 133 249 μὲν
154 170 280 232 τούτοισι
303 168 466 248 ἀμείψαντο·
495 170 566 247 μετά
590 170 627 239 δὲ,
651 167 774 244 ἡκόντων
802 175 829 233 ές
851 170 884 231 τά

81 261 177 319 πέδιον
196 258 229 318 τά
251 258 427 334 Σαλαμινίων
447 262 501 317 τῶν
523 258 663 333 Περσέων,
686 257 836 319 διέτασσον
858 263 885 319 οί

82 349 218 420 βασιλέες
237 352 292 406 τῶν
314 347 446 422 Κυπρίων
465 344 529 407 τοάς
548 348 599 421 μὲν
620 339 725 408 ἀλλους
743 349 884 424 Κυπρίους

81 435 152 494 κατά
165 434 230 497 τούς
244 433 349 496 ἀλλους
368 432 540 509 στρατιώτας
554 430 775 507 ἀντιτάσσοντες,
791 437 883 498 Σαλα-

80 523 177 599 μινίων
191 524 220 582 δὲ
235 524 280 581 καὶ
295 522 404 585 Σολίων
418 520 603 587 ἀπολέξαντες
621 520 655 579 τά
674 519 789 596 άριστον
808 523 883 583 ἀντέ-

80 637 191 671 τασσον
214 613 357 688 Πέρσῃσι.
398 607 541 689 Ἀρτυβίῳ
559 609 587 666 δὲ
607 612 646 687 τῷ
667 615 814 690 στρατηγῷ
831 615 884 671 τῶν

80 701 216 775 Περσέων
225 698 372 771 ἐθελοντὴς
383 695 569 755 ἀντετάσσετο
577 696 740 772 Ὀνήσιλος.
756 697 864 758 Ἥλαυ·
874 698 928 761 lll

80 813 111 846 νε
125 788 154 845 δὲ
169 787 254 850 ἵππον
268 786 284 845 ἀ
297 785 446 861 Ἀρτύβιος
467 786 661 867 δεδιδαγμένον
677 787 748 864 πράς
766 787 885 864 ὁπλίτην

82 875 219 934 ἵστασθαι
229 873 322 951 ἀρθόν.
364 874 518 952 πυθόμενος
539 875 574 936 ὧν
587 881 676 936 ταῦτα
693 875 709 935 ἀ
722 874 882 951 Ὀνήσιλος,

81 961 116 1037 ἦν
128 962 183 1042 γάρ
197 966 224 1022 οἱ
236 962 418 1038 ἀπασπιστής
434 966 512 1045 γένος
526 969 576 1042 μὲν
591 965 655 1042 Κάρ
668 966 704 1024 τά
718 963 746 1024 δὲ
759 966 883 1042 πολέμια

80 1050 169 1126 κάρτα
184 1049 295 1127 δόκιμος
312 1052 357 1110 καί
377 1052 471 1115 ἄλλως
489 1053 614 1131 λήματος
630 1055 724 1122 πλέος,
740 1054 799 1113 εἶπε
812 1054 883 1130 πράς

79 1142 188 1198 τοῦτον·
202 1140 396 1217 ς(πυνθάνομαι
409 1140 458 1201 τάν
471 1138 623 1217 Ἀρτυβίου
635 1143 720 1201 ἵππον
732 1141 881 1218 ἱστάμενον

80 1225 171 1300 ὀρθόν,
186 1228 232 1286 καὶ
246 1228 315 1287 ποσὶ
329 1229 375 1287 καὶ
389 1229 509 1305 στόματι
524 1230 743 1310 κατεργάζεσθαι
752 1229 822 1305 πράς
833 1230 882 1288 τάν

81 1311 113 1373 ἀν
133 1319 318 1395 προσενεχθῇ·
343 1316 380 1375 σι)
400 1316 437 1375 ὧν
456 1317 685 1391 βουλευσάμενος
703 1315 801 1375 αὐτίκα
823 1319 882 1374 εἰπὲ

80 1400 210 1479 ὁκότερον
229 1402 350 1478 βούλεαι
371 1402 499 1478 φυλάξας
519 1404 633 1477 πλῆξαι,
654 1405 707 1461 εἴτε
727 1402 777 1461 τάν
797 1403 882 1461 ἵππον

81 1490 135 1546 εἴτε
156 1489 239 1548 αὗτάν
258 1489 433 1564 Ἀρτύβιον.”
476 1489 535 1547 εἶπε
555 1490 626 1565 πρός
645 1494 733 1548 ταῦτα
752 1488 767 1548 ὁ
786 1487 881 1549 ὀπάων

81 1574 176 1634 αι’τοῦ·
198 1574 365 1649 ὦβασιλεῦ,
380 1578 490 1650 ἑτοῖμος
507 1577 558 1649 μὲν
577 1573 630 1654 ἒγά
650 1579 705 1650 εἶμι
721 1575 825 1634 ποιέειν
838 1578 883 1634 καὶ

82 1661 229 1738 ἀμφότερα
250 1662 295 1719 καὶ
314 1661 347 1721 τά
370 1662 463 1736 ἕτερον
484 1660 580 1731 αὐτῶν,
602 1661 647 1719 καὶ
667 1661 776 1723 πάντως
796 1663 828 1721 τό
848 1661 882 1723 ἀν

82 1749 238 1827 ἐπιτάσσῃς
258 1747 304 1807 σά·
332 1748 367 1811 ὥς
386 1749 481 1824 μέντοι
501 1750 595 1829 ἔμοιγε
616 1749 703 1809 δοκέει
720 1750 789 1810 εἶναι
805 1755 881 1811 τοῖσι

81 1843 162 1896 σοῖσι
182 1837 331 1918 πρήγμασι
348 1837 601 1914 προσφερέστερον,
622 1838 733 1915 φράσω·
753 1828 880 1914 βασιλέα

79 1928 131 2000 μὲν
150 1926 195 1984 καὶ
212 1925 372 2006 στρατηγόν
384 1925 468 2002 χρεόν
487 1925 559 1984 εἶναί
569 1932 644 2002 φημι
656 1928 778 2002 βασιλέϊ
790 1955 821 1987 τε
835 1932 880 1988 καὶ

80 2018 228 2095 στρατηγῷ
245 2014 469 2091 προσφέρεσθαι·
490 2013 524 2089 ἦν
540 2039 571 2073 τε
589 2014 643 2094 γάρ
664 2017 782 2092 κατέλῃς
795 2015 880 2092 ἀνδρα

79 2103 246 2183 στρατηγόν,
270 2103 343 2183 μέγα
365 2123 410 2160 τοι
432 2102 546 2181 γίνεται·
576 2102 621 2159 καὶ
646 2102 766 2177 δεύτερα,
788 2101 822 2176 ἢν
846 2107 880 2162 σὲ

81 2195 181 2252 ε’κεῖνος
197 2190 230 2249 τά
248 2191 288 2265 μή
307 2191 424 2270 γένοιτο,
439 2188 493 2248 ὑπὸ
513 2187 648 2267 ἀξιόχρεω
666 2190 711 2248 καὶ
731 2189 881 2250 ἀποθανεῖν

331 2277 339 2296 Ι
383 2276 390 2296 ί
420 2278 427 2299 Ι
478 2277 504 2334 δῖ
566 2277 573 2298 ἱ
615 2276 622 2296 ff
688 2278 695 2299 Ι
766 2281 773 2300 1

79 2278 183 2354 ἡμίσεα
203 2284 348 2354 συμφορη·
371 2302 459 2352 ημεας
494 2303 506 2334 ε
525 2303 589 2339 τους
606 2304 743 2353 υπηρετας
762 2279 882 2354 ετέροισί

78 2393 109 2424 τε
121 2365 275 2443 ὑπηρέτῃσι
291 2364 566 2441 προσφέρεσθαικαῖ
580 2365 649 2442 πράς
663 2367 757 2425 ἵππον·
779 2371 829 2425 τοῦ
840 2368 877 2426 σύ

78 2455 128 2515 τάς
141 2453 268 2530 μηχανάς
281 2453 366 2527 μηδὲν
384 2453 526 2530 φοβηθῇς·
549 2452 602 2533 έγά
615 2453 669 2532 γάρ
683 2452 742 2533 [δή]
756 2480 800 2511 τοι
813 2454 879 2514 ὕπο-

79 2541 194 2615 δέκομαι
216 2540 257 2616 μή
279 2566 328 2615 μιν
351 2538 449 2616 ἀνδρός
470 2541 509 2598 ἔτι
529 2566 562 2620 γε
581 2539 698 2616 μηδενός
719 2539 879 2614 στήσεσθαι

79 2626 227 2688 ε’ναντίον.”
254 2631 347 2686 Ταῦτα
361 2626 428 2696 εἶπε,
443 2627 488 2687 καὶ
501 2629 651 2703 μεταυτίκα
662 2629 815 2708 συνέμισγε
824 2630 859 2689 τά
869 2632 926 2689 112

77 2716 256 2794 στρατόπεδα
273 2716 344 2793 πεζῇ
362 2714 408 2773 καὶ
425 2717 516 2790 νηυσί·
540 2717 621 2792 νηυσὶ
640 2719 692 2793 μέν
713 2742 761 2774 νυν
777 2715 878 2786 Ἴωνες,

78 2805 157 2882 ἄκροι
178 2803 322 2885 γενόμενοι
341 2802 443 2878 ταύτην
462 2803 514 2878 τήν
533 2803 646 2880 ἡμέρην,
668 2803 880 2879 ὑπερεβάλοντο

78 2893 141 2956 τοάς
154 2893 292 2956 Φοίνικας·
322 2892 367 2950 καὶ
380 2890 484 2950 τούτων
498 2891 600 2968 Σάμιοι
613 2890 792 2967 ἠρίστευσαν·
810 2894 879 2969 πεζῇ

77 2981 173 3050 &sak
196 2982 320 3056 συνῆλθε
341 2979 376 3039 τά
397 2978 581 3055 στρατόπεδα,
607 2975 791 3052 συμπεσόντα
814 2977 877 3049 ἐμά-

75 3095 173 3149 χοντο.
215 3070 285 3129 κατά
305 3069 334 3127 δὲ
349 3066 414 3130 τούς
433 3064 615 3148 στρατηγοὺς
633 3059 922 3155 ιἰριηοτέρυυςτάδει

71 3157 187 3233 ι’γάιετο·
223 3158 260 3221 ω’ς
287 3157 495 3237 προσεφέρετο
525 3155 602 3234 πρὸς
630 3152 683 3214 τδν
705 3142 879 3213 Ὄνῆῦὼῦν
912 3162 932 3190 ‘³

848 3221 854 3240 Ο

60 3242 218 3362 Ξφθῗῑῖθίος
239 3247 291 3306 ἐπὶ
316 3252 372 3308 τοῦ
400 3248 498 3307 ἵππου
527 3245 714 3321 κατήμενος,
737 3224 964 3292 ss'QmQffi

89 3330 152 3370 --5

945 3419 979 3428 ⁴
