<?xml version="1.0" encoding="UTF-8"?>
<!DOCTYPE html PUBLIC "-//W3C//DTD XHTML 1.0 Transitional//EN"
    "http://www.w3.org/TR/xhtml1/DTD/xhtml1-transitional.dtd">
<html xmlns="http://www.w3.org/1999/xhtml" xml:lang="en" lang="en">
 <head>
  <title>
</title>
<meta http-equiv="Content-Type" content="text/html;charset=utf-8" />
  <meta name='ocr-system' content='tesseract 3.04.00' />
  <meta name='ocr-capabilities' content='ocr_page ocr_carea ocr_par ocr_line ocrx_word'/>
</head>
<body>
  <div class='ocr_page' id='page_1' title='image "./recensuitjoseph01herogoog_0094.png"; bbox 0 0 2024 3450; ppageno 0'>
   <div class='ocr_carea' id='block_1_1' title="bbox 20 105 959 3250">
    <p class='ocr_par' dir='ltr' id='par_1_1' title="bbox 83 105 953 1750">
     <span class='ocr_line' id='line_1_1' title="bbox 86 105 888 170; baseline 0.001 -13"><span class='ocrx_word' id='word_1_1' title='bbox 86 105 194 170; x_wconf 73' lang='grc' dir='ltr'>σι-ιι]</span> <span class='ocrx_word' id='word_1_2' title='bbox 442 110 555 160; x_wconf 69' lang='lat' dir='ltr'>mm.</span> <span class='ocrx_word' id='word_1_3' title='bbox 855 111 888 158; x_wconf 79' lang='grc' dir='ltr'>ιι</span> 
     </span>
     <span class='ocr_line' id='line_1_2' title="bbox 84 186 953 266; baseline 0.002 -19"><span class='ocrx_word' id='word_1_4' title='bbox 84 190 176 259; x_wconf 85' lang='grc' dir='ltr'>τοῦτο,</span> <span class='ocrx_word' id='word_1_5' title='bbox 201 186 265 247; x_wconf 84' lang='grc' dir='ltr'>ὅτι</span> <span class='ocrx_word' id='word_1_6' title='bbox 285 187 320 263; x_wconf 72' lang='grc' dir='ltr'>δη</span> <span class='ocrx_word' id='word_1_7' title='bbox 341 186 385 262; x_wconf 86' lang='grc' dir='ltr'>ἦν,</span> <span class='ocrx_word' id='word_1_8' title='bbox 406 187 439 248; x_wconf 80' lang='grc' dir='ltr'>τό</span> <span class='ocrx_word' id='word_1_9' title='bbox 464 189 556 249; x_wconf 79' lang='grc' dir='ltr'>εἵλετο</span> <span class='ocrx_word' id='word_1_10' title='bbox 579 192 635 250; x_wconf 77' lang='grc' dir='ltr'>τῶν</span> <span class='ocrx_word' id='word_1_11' title='bbox 657 188 807 266; x_wconf 82' lang='grc' dir='ltr'>κειμηλίων</span> <span class='ocrx_word' id='word_1_12' title='bbox 830 191 886 249; x_wconf 77' lang='grc' dir='ltr'>τῶν</span> <span class='ocrx_word' id='word_1_13' title='bbox 950 259 953 266; x_wconf 39' lang='grc'>,</span> 
     </span>
     <span class='ocr_line' id='line_1_3' title="bbox 84 270 886 358; baseline 0.004 -25"><span class='ocrx_word' id='word_1_14' title='bbox 84 273 253 350; x_wconf 85' lang='grc' dir='ltr'>Ἀρίστωνος</span> <span class='ocrx_word' id='word_1_15' title='bbox 272 275 300 356; x_wconf 83' lang='grc' dir='ltr'>[ὁ</span> <span class='ocrx_word' id='word_1_16' title='bbox 313 274 458 358; x_wconf 78' lang='grc' dir='ltr'>Ἀγητος],</span> <span class='ocrx_word' id='word_1_17' title='bbox 482 277 528 336; x_wconf 82' lang='grc' dir='ltr'>καὶ</span> <span class='ocrx_word' id='word_1_18' title='bbox 546 276 628 340; x_wconf 78' lang='grc' dir='ltr'>αὐτός</span> <span class='ocrx_word' id='word_1_19' title='bbox 647 275 701 352; x_wconf 73' lang='grc' dir='ltr'>τήν</span> <span class='ocrx_word' id='word_1_20' title='bbox 720 276 820 353; x_wconf 82' lang='grc' dir='ltr'>ὁμοίην</span> <span class='ocrx_word' id='word_1_21' title='bbox 840 270 886 352; x_wconf 77' lang='grc' dir='ltr'>ζη-</span> 
     </span>
     <span class='ocr_line' id='line_1_4' title="bbox 84 362 886 442; baseline 0.005 -22"><span class='ocrx_word' id='word_1_22' title='bbox 84 365 152 422; x_wconf 88' lang='grc' dir='ltr'>τέων</span> <span class='ocrx_word' id='word_1_23' title='bbox 173 364 311 439; x_wconf 81' lang='grc' dir='ltr'>φέρεσθαι</span> <span class='ocrx_word' id='word_1_24' title='bbox 326 362 392 439; x_wconf 88' lang='grc' dir='ltr'>παρ’</span> <span class='ocrx_word' id='word_1_25' title='bbox 407 365 518 433; x_wconf 88' lang='grc' dir='ltr'>ε’κείνου,</span> <span class='ocrx_word' id='word_1_26' title='bbox 533 366 652 425; x_wconf 78' lang='grc' dir='ltr'>ἐνθαῦτα</span> <span class='ocrx_word' id='word_1_27' title='bbox 665 363 699 439; x_wconf 76' lang='grc' dir='ltr'>δή</span> <span class='ocrx_word' id='word_1_28' title='bbox 713 368 763 424; x_wconf 84' lang='grc' dir='ltr'>τοῦ</span> <span class='ocrx_word' id='word_1_29' title='bbox 777 365 886 442; x_wconf 83' lang='grc' dir='ltr'>ἑταίρου</span> 
     </span>
     <span class='ocr_line' id='line_1_5' title="bbox 84 449 885 534; baseline 0.002 -25"><span class='ocrx_word' id='word_1_30' title='bbox 84 449 136 525; x_wconf 75' lang='grc' dir='ltr'>την</span> <span class='ocrx_word' id='word_1_31' title='bbox 148 454 265 530; x_wconf 83' lang='grc' dir='ltr'>γυναῖκα</span> <span class='ocrx_word' id='word_1_32' title='bbox 279 454 408 528; x_wconf 80' lang='grc' dir='ltr'>ἐπειρᾶτο</span> <span class='ocrx_word' id='word_1_33' title='bbox 428 450 598 534; x_wconf 75' lang='grc' dir='ltr'>ἀπάγεσθαι·</span> <span class='ocrx_word' id='word_1_34' title='bbox 619 479 635 512; x_wconf 94' lang='grc' dir='ltr'>ο</span> <span class='ocrx_word' id='word_1_35' title='bbox 627 450 679 511; x_wconf 82' lang='grc' dir='ltr'>δὲ</span> <span class='ocrx_word' id='word_1_36' title='bbox 691 452 768 527; x_wconf 80' lang='grc' dir='ltr'>πλην</span> <span class='ocrx_word' id='word_1_37' title='bbox 785 451 885 512; x_wconf 81' lang='grc' dir='ltr'>τούτου</span> 
     </span>
     <span class='ocr_line' id='line_1_6' title="bbox 83 537 886 647; baseline 0.005 -51"><span class='ocrx_word' id='word_1_38' title='bbox 83 537 235 613; x_wconf 82' lang='grc' dir='ltr'>μούνου</span> <span class='ocrx_word' id='word_1_39' title='bbox 201 565 237 597; x_wconf 91' lang='grc' dir='ltr'>τα</span> <span class='ocrx_word' id='word_1_40' title='bbox 250 538 328 597; x_wconf 77' lang='grc' dir='ltr'>ἄλλα</span> <span class='ocrx_word' id='word_1_41' title='bbox 342 541 396 647; x_wconf 81' lang='grc' dir='ltr'>ἔφη</span> <span class='ocrx_word' id='word_1_42' title='bbox 410 541 580 600; x_wconf 79' lang='grc' dir='ltr'>καταινέσαι·</span> <span class='ocrx_word' id='word_1_43' title='bbox 601 538 872 621; x_wconf 78' lang='grc' dir='ltr'>άναγκαζόμενος’</span> <span class='ocrx_word' id='word_1_44' title='bbox 833 565 886 616; x_wconf 84' lang='grc' dir='ltr'>μεν</span> 
     </span>
     <span class='ocr_line' id='line_1_7' title="bbox 84 624 886 738; baseline 0.002 -54"><span class='ocrx_word' id='word_1_45' title='bbox 84 651 129 685; x_wconf 91' lang='grc' dir='ltr'>τοι</span> <span class='ocrx_word' id='word_1_46' title='bbox 146 630 185 704; x_wconf 73' lang='grc' dir='ltr'>τῷ</span> <span class='ocrx_word' id='word_1_47' title='bbox 202 652 234 687; x_wconf 86' lang='grc' dir='ltr'>τε</span> <span class='ocrx_word' id='word_1_48' title='bbox 253 624 325 704; x_wconf 81' lang='grc' dir='ltr'>ὅρκῳ</span> <span class='ocrx_word' id='word_1_49' title='bbox 345 652 390 684; x_wconf 91' lang='grc' dir='ltr'>και</span> <span class='ocrx_word' id='word_1_50' title='bbox 380 625 490 737; x_wconf 73' lang='grc' dir='ltr'>της’</span> <span class='ocrx_word' id='word_1_51' title='bbox 472 627 580 735; x_wconf 84' lang='grc' dir='ltr'>απάτης</span> <span class='ocrx_word' id='word_1_52' title='bbox 592 630 629 705; x_wconf 79' lang='grc' dir='ltr'>τῇ</span> <span class='ocrx_word' id='word_1_53' title='bbox 642 652 819 738; x_wconf 70' lang='grc' dir='ltr'>παραγμηη</span> <span class='ocrx_word' id='word_1_54' title='bbox 810 625 886 686; x_wconf 89' lang='grc' dir='ltr'>α’πίει</span> 
     </span>
     <span class='ocr_line' id='line_1_8' title="bbox 85 711 932 793; baseline 0.004 -22"><span class='ocrx_word' id='word_1_55' title='bbox 85 711 256 793; x_wconf 77' lang='grc' dir='ltr'>ἀπάγεσθαι.</span> <span class='ocrx_word' id='word_1_56' title='bbox 299 713 380 772; x_wconf 79' lang='grc' dir='ltr'>Οὕτω</span> <span class='ocrx_word' id='word_1_57' title='bbox 402 716 454 790; x_wconf 83' lang='grc' dir='ltr'>μὲν</span> <span class='ocrx_word' id='word_1_58' title='bbox 478 714 511 791; x_wconf 76' lang='grc' dir='ltr'><em>δὴ</em></span> <span class='ocrx_word' id='word_1_59' title='bbox 534 739 586 790; x_wconf 90' lang='grc' dir='ltr'>την</span> <span class='ocrx_word' id='word_1_60' title='bbox 608 715 704 790; x_wconf 87' lang='grc' dir='ltr'>τρίτην</span> <span class='ocrx_word' id='word_1_61' title='bbox 729 718 885 793; x_wconf 88' lang='grc' dir='ltr'>εσηγαγετο</span> <span class='ocrx_word' id='word_1_62' title='bbox 893 716 932 774; x_wconf 83' lang='grc'>63</span> 
     </span>
     <span class='ocr_line' id='line_1_9' title="bbox 85 800 883 879; baseline 0.005 -20"><span class='ocrx_word' id='word_1_63' title='bbox 85 803 203 878; x_wconf 84' lang='grc' dir='ltr'>γυναῖκα</span> <span class='ocrx_word' id='word_1_64' title='bbox 221 800 237 859; x_wconf 83' lang='grc' dir='ltr'>ὁ</span> <span class='ocrx_word' id='word_1_65' title='bbox 257 800 457 877; x_wconf 86' lang='grc' dir='ltr'>Ἀρίστων,</span> <span class='ocrx_word' id='word_1_66' title='bbox 423 828 474 877; x_wconf 90' lang='grc' dir='ltr'>την</span> <span class='ocrx_word' id='word_1_67' title='bbox 487 802 616 879; x_wconf 77' lang='grc' dir='ltr'>δευτέρην</span> <span class='ocrx_word' id='word_1_68' title='bbox 637 800 883 878; x_wconf 81' lang='grc' dir='ltr'>άποπεμψάμενος·</span> 
     </span>
     <span class='ocr_line' id='line_1_10' title="bbox 86 885 886 967; baseline 0.009 -24"><span class='ocrx_word' id='word_1_69' title='bbox 86 890 115 944; x_wconf 80' lang='grc' dir='ltr'>ἐν</span> <span class='ocrx_word' id='word_1_70' title='bbox 134 886 165 944; x_wconf 85' lang='grc' dir='ltr'>δέ</span> <span class='ocrx_word' id='word_1_71' title='bbox 183 890 209 945; x_wconf 79' lang='grc' dir='ltr'>οἱ</span> <span class='ocrx_word' id='word_1_72' title='bbox 226 887 318 967; x_wconf 80' lang='grc' dir='ltr'>χρόνῳ</span> <span class='ocrx_word' id='word_1_73' title='bbox 336 887 481 958; x_wconf 83' lang='grc' dir='ltr'>ἐλάσσονι,</span> <span class='ocrx_word' id='word_1_74' title='bbox 498 891 545 947; x_wconf 84' lang='grc' dir='ltr'>καί</span> <span class='ocrx_word' id='word_1_75' title='bbox 566 888 598 948; x_wconf 82' lang='grc' dir='ltr'>οὐ</span> <span class='ocrx_word' id='word_1_76' title='bbox 620 887 800 965; x_wconf 78' lang='grc' dir='ltr'>πληρώσασα</span> <span class='ocrx_word' id='word_1_77' title='bbox 819 885 886 950; x_wconf 71' lang='grc' dir='ltr'>τους</span> 
     </span>
     <span class='ocr_line' id='line_1_11' title="bbox 86 972 885 1058; baseline 0.005 -28"><span class='ocrx_word' id='word_1_78' title='bbox 86 973 151 1032; x_wconf 89' lang='grc' dir='ltr'>δέκα</span> <span class='ocrx_word' id='word_1_79' title='bbox 164 979 254 1050; x_wconf 83' lang='grc' dir='ltr'>μῆνας</span> <span class='ocrx_word' id='word_1_80' title='bbox 266 975 285 1051; x_wconf 70' lang='grc' dir='ltr'>η’</span> <span class='ocrx_word' id='word_1_81' title='bbox 297 975 367 1058; x_wconf 76' lang='grc' dir='ltr'>γυνὴ</span> <span class='ocrx_word' id='word_1_82' title='bbox 381 975 459 1053; x_wconf 80' lang='grc' dir='ltr'>αὕτη,</span> <span class='ocrx_word' id='word_1_83' title='bbox 470 978 556 1036; x_wconf 89' lang='grc' dir='ltr'>τίκτει</span> <span class='ocrx_word' id='word_1_84' title='bbox 569 979 668 1036; x_wconf 76' lang='grc' dir='ltr'>τοῦτον</span> <span class='ocrx_word' id='word_1_85' title='bbox 681 975 714 1052; x_wconf 81' lang='grc' dir='ltr'><em>δὴ</em></span> <span class='ocrx_word' id='word_1_86' title='bbox 727 976 777 1035; x_wconf 81' lang='grc' dir='ltr'>τὸν</span> <span class='ocrx_word' id='word_1_87' title='bbox 787 972 885 1051; x_wconf 85' lang='grc' dir='ltr'>Δημά-</span> 
     </span>
     <span class='ocr_line' id='line_1_12' title="bbox 84 1065 883 1143; baseline 0.001 -22"><span class='ocrx_word' id='word_1_88' title='bbox 84 1088 178 1137; x_wconf 91' lang='grc' dir='ltr'>ρητον·</span> <span class='ocrx_word' id='word_1_89' title='bbox 201 1065 249 1124; x_wconf 91' lang='grc' dir='ltr'>καί</span> <span class='ocrx_word' id='word_1_90' title='bbox 267 1091 309 1128; x_wconf 86' lang='grc' dir='ltr'>τις</span> <span class='ocrx_word' id='word_1_91' title='bbox 330 1068 357 1124; x_wconf 82' lang='grc' dir='ltr'>οἰ</span> <span class='ocrx_word' id='word_1_92' title='bbox 377 1068 432 1125; x_wconf 81' lang='grc' dir='ltr'>τῶν</span> <span class='ocrx_word' id='word_1_93' title='bbox 451 1066 574 1124; x_wconf 80' lang='grc' dir='ltr'>οἰκετέων</span> <span class='ocrx_word' id='word_1_94' title='bbox 593 1069 622 1124; x_wconf 91' lang='grc' dir='ltr'>ε’ν</span> <span class='ocrx_word' id='word_1_95' title='bbox 643 1065 720 1143; x_wconf 78' lang='grc' dir='ltr'>θώκῳ</span> <span class='ocrx_word' id='word_1_96' title='bbox 740 1065 883 1142; x_wconf 73' lang='grc' dir='ltr'>κατημένῳ</span> 
     </span>
     <span class='ocr_line' id='line_1_13' title="bbox 84 1149 884 1233; baseline 0.004 -27"><span class='ocrx_word' id='word_1_97' title='bbox 84 1151 221 1223; x_wconf 73' lang='grc' dir='ltr'>μετὰτῶν</span> <span class='ocrx_word' id='word_1_98' title='bbox 235 1152 344 1231; x_wconf 81' lang='grc' dir='ltr'>ε’φόρων</span> <span class='ocrx_word' id='word_1_99' title='bbox 354 1153 520 1233; x_wconf 77' lang='grc' dir='ltr'>ἐξαγγέλλει</span> <span class='ocrx_word' id='word_1_100' title='bbox 534 1152 569 1214; x_wconf 74' lang='grc' dir='ltr'>ὥς</span> <span class='ocrx_word' id='word_1_101' title='bbox 583 1155 609 1210; x_wconf 85' lang='grc' dir='ltr'>οἱ</span> <span class='ocrx_word' id='word_1_102' title='bbox 622 1155 688 1215; x_wconf 84' lang='grc' dir='ltr'>παῖς</span> <span class='ocrx_word' id='word_1_103' title='bbox 695 1153 803 1232; x_wconf 89' lang='grc' dir='ltr'>γέγονε·</span> <span class='ocrx_word' id='word_1_104' title='bbox 825 1149 840 1210; x_wconf 83' lang='grc' dir='ltr'>ό</span> <span class='ocrx_word' id='word_1_105' title='bbox 854 1149 884 1209; x_wconf 77' lang='grc' dir='ltr'>δὲ</span> 
     </span>
     <span class='ocr_line' id='line_1_14' title="bbox 86 1237 884 1318; baseline 0.004 -25"><span class='ocrx_word' id='word_1_106' title='bbox 86 1238 269 1315; x_wconf 85' lang='grc' dir='ltr'>ἐπιστάμενός</span> <span class='ocrx_word' id='word_1_107' title='bbox 281 1267 312 1300; x_wconf 87' lang='grc' dir='ltr'>τε</span> <span class='ocrx_word' id='word_1_108' title='bbox 325 1240 374 1299; x_wconf 78' lang='grc' dir='ltr'>τόν</span> <span class='ocrx_word' id='word_1_109' title='bbox 386 1239 489 1318; x_wconf 88' lang='grc' dir='ltr'>χρόνον</span> <span class='ocrx_word' id='word_1_110' title='bbox 504 1243 543 1316; x_wconf 77' lang='grc' dir='ltr'>τῷ</span> <span class='ocrx_word' id='word_1_111' title='bbox 557 1237 679 1317; x_wconf 80' lang='grc' dir='ltr'>ἠγάγετο</span> <span class='ocrx_word' id='word_1_112' title='bbox 697 1238 748 1312; x_wconf 70' lang='grc' dir='ltr'>τὴν</span> <span class='ocrx_word' id='word_1_113' title='bbox 766 1241 884 1316; x_wconf 86' lang='grc' dir='ltr'>γυναῖκα</span> 
     </span>
     <span class='ocr_line' id='line_1_15' title="bbox 86 1323 884 1401; baseline -0.001 -20"><span class='ocrx_word' id='word_1_114' title='bbox 86 1325 130 1382; x_wconf 88' lang='grc' dir='ltr'>καί</span> <span class='ocrx_word' id='word_1_115' title='bbox 145 1328 189 1385; x_wconf 80' lang='grc' dir='ltr'>ἐπὶ</span> <span class='ocrx_word' id='word_1_116' title='bbox 203 1327 345 1386; x_wconf 79' lang='grc' dir='ltr'>δακτύλων</span> <span class='ocrx_word' id='word_1_117' title='bbox 363 1325 604 1401; x_wconf 83' lang='grc' dir='ltr'>συμβαλλόμενος</span> <span class='ocrx_word' id='word_1_118' title='bbox 622 1325 687 1387; x_wconf 75' lang='grc' dir='ltr'>τοίς</span> <span class='ocrx_word' id='word_1_119' title='bbox 706 1328 804 1399; x_wconf 77' lang='grc' dir='ltr'>μῆνας,</span> <span class='ocrx_word' id='word_1_120' title='bbox 824 1323 884 1381; x_wconf 86' lang='grc' dir='ltr'>εἰπε</span> 
     </span>
     <span class='ocr_line' id='line_1_16' title="bbox 85 1409 883 1488; baseline -0.004 -18"><span class='ocrx_word' id='word_1_121' title='bbox 85 1411 241 1487; x_wconf 73' lang='grc' dir='ltr'>α’πομόσας,</span> <span class='ocrx_word' id='word_1_122' title='bbox 260 1425 277 1448; x_wconf 92' lang='grc'><strong>“</strong></span> <span class='ocrx_word' id='word_1_123' title='bbox 287 1412 338 1472; x_wconf 73' lang='grc' dir='ltr'>οὐκ</span> <span class='ocrx_word' id='word_1_124' title='bbox 357 1411 391 1471; x_wconf 83' lang='grc' dir='ltr'>ἂν</span> <span class='ocrx_word' id='word_1_125' title='bbox 413 1412 479 1488; x_wconf 78' lang='grc' dir='ltr'>ἐμός</span> <span class='ocrx_word' id='word_1_126' title='bbox 491 1411 558 1486; x_wconf 83' lang='grc' dir='ltr'>εἴη.”</span> <span class='ocrx_word' id='word_1_127' title='bbox 598 1415 681 1470; x_wconf 83' lang='grc' dir='ltr'>τοῦτο</span> <span class='ocrx_word' id='word_1_128' title='bbox 695 1409 819 1484; x_wconf 84' lang='grc' dir='ltr'>ἤκουσαν</span> <span class='ocrx_word' id='word_1_129' title='bbox 831 1411 883 1484; x_wconf 79' lang='grc' dir='ltr'>μὲν</span> 
     </span>
     <span class='ocr_line' id='line_1_17' title="bbox 87 1494 883 1577; baseline 0 -24"><span class='ocrx_word' id='word_1_130' title='bbox 87 1501 112 1554; x_wconf 88' lang='grc' dir='ltr'>οἶ</span> <span class='ocrx_word' id='word_1_131' title='bbox 132 1500 238 1574; x_wconf 74' lang='grc' dir='ltr'>ἔφοροι·</span> <span class='ocrx_word' id='word_1_132' title='bbox 252 1504 371 1577; x_wconf 82' lang='grc' dir='ltr'>πρῆγμα</span> <span class='ocrx_word' id='word_1_133' title='bbox 384 1500 479 1573; x_wconf 87' lang='grc' dir='ltr'>μέντοι</span> <span class='ocrx_word' id='word_1_134' title='bbox 492 1497 570 1556; x_wconf 76' lang='grc' dir='ltr'>οὐδὲν</span> <span class='ocrx_word' id='word_1_135' title='bbox 584 1496 753 1570; x_wconf 77' lang='grc' dir='ltr'>ἐποιήσαντο</span> <span class='ocrx_word' id='word_1_136' title='bbox 767 1494 800 1554; x_wconf 80' lang='grc' dir='ltr'>τό</span> <span class='ocrx_word' id='word_1_137' title='bbox 814 1521 883 1572; x_wconf 91' lang='grc' dir='ltr'>παρ-</span> 
     </span>
     <span class='ocr_line' id='line_1_18' title="bbox 86 1581 882 1659; baseline 0.004 -20"><span class='ocrx_word' id='word_1_138' title='bbox 86 1584 193 1641; x_wconf 89' lang='grc' dir='ltr'>αυτίκα.</span> <span class='ocrx_word' id='word_1_139' title='bbox 242 1611 258 1642; x_wconf 93' lang='grc' dir='ltr'>ο</span> <span class='ocrx_word' id='word_1_140' title='bbox 251 1584 311 1642; x_wconf 86' lang='grc' dir='ltr'>δὲ</span> <span class='ocrx_word' id='word_1_141' title='bbox 330 1589 397 1647; x_wconf 87' lang='grc' dir='ltr'>παῖς</span> <span class='ocrx_word' id='word_1_142' title='bbox 418 1583 525 1657; x_wconf 79' lang='grc' dir='ltr'>ηὔξετο,</span> <span class='ocrx_word' id='word_1_143' title='bbox 550 1583 596 1640; x_wconf 85' lang='grc' dir='ltr'>καί</span> <span class='ocrx_word' id='word_1_144' title='bbox 622 1586 660 1659; x_wconf 78' lang='grc' dir='ltr'>τῷ</span> <span class='ocrx_word' id='word_1_145' title='bbox 680 1581 828 1658; x_wconf 91' lang='grc' dir='ltr'>Ἀρίστωνι</span> <span class='ocrx_word' id='word_1_146' title='bbox 848 1583 882 1644; x_wconf 84' lang='grc' dir='ltr'>τδ</span> 
     </span>
     <span class='ocr_line' id='line_1_19' title="bbox 88 1667 884 1775; baseline 0.004 -49"><span class='ocrx_word' id='word_1_147' title='bbox 88 1671 229 1775; x_wconf 81' lang='grc' dir='ltr'>εἰρημένον</span> <span class='ocrx_word' id='word_1_148' title='bbox 249 1671 394 1746; x_wconf 88' lang='grc' dir='ltr'>μετεμελε·</span> <span class='ocrx_word' id='word_1_149' title='bbox 416 1669 559 1728; x_wconf 81' lang='grc' dir='ltr'>παῖδα</span> <span class='ocrx_word' id='word_1_150' title='bbox 523 1695 577 1750; x_wconf 88' lang='grc' dir='ltr'>γαρ</span> <span class='ocrx_word' id='word_1_151' title='bbox 598 1668 647 1728; x_wconf 81' lang='grc' dir='ltr'>τόν</span> <span class='ocrx_word' id='word_1_152' title='bbox 665 1667 870 1744; x_wconf 89' lang='grc' dir='ltr'>Δημάρητον’</span> <span class='ocrx_word' id='word_1_153' title='bbox 857 1695 884 1731; x_wconf 89' lang='grc' dir='ltr'>ες</span> 
     </span>
    </p>

    <p class='ocr_par' dir='ltr' id='par_1_2' title="bbox 20 1754 929 3250">
     <span class='ocr_line' id='line_1_20' title="bbox 20 1754 884 1834; baseline -0.003 -19"><span class='ocrx_word' id='word_1_154' title='bbox 20 1827 22 1831; x_wconf 15' lang='lat' dir='ltr'>y</span> <span class='ocrx_word' id='word_1_155' title='bbox 85 1783 121 1815; x_wconf 90' lang='grc' dir='ltr'>τα</span> <span class='ocrx_word' id='word_1_156' title='bbox 114 1755 305 1833; x_wconf 85' lang='grc' dir='ltr'>μάλιστά</span> <span class='ocrx_word' id='word_1_157' title='bbox 279 1785 306 1819; x_wconf 91' lang='grc' dir='ltr'>οι</span> <span class='ocrx_word' id='word_1_158' title='bbox 324 1756 437 1834; x_wconf 80' lang='grc' dir='ltr'>ἐνόμισε</span> <span class='ocrx_word' id='word_1_159' title='bbox 456 1757 532 1817; x_wconf 90' lang='grc' dir='ltr'>εἰναι.</span> <span class='ocrx_word' id='word_1_160' title='bbox 576 1756 745 1834; x_wconf 81' lang='grc' dir='ltr'>Δημάρητον</span> <span class='ocrx_word' id='word_1_161' title='bbox 764 1754 845 1814; x_wconf 81' lang='grc' dir='ltr'>δὲ’</span> <span class='ocrx_word' id='word_1_162' title='bbox 811 1780 884 1833; x_wconf 89' lang='grc' dir='ltr'>αυτω</span> 
     </span>
     <span class='ocr_line' id='line_1_21' title="bbox 86 1813 883 1922; baseline 0 -19"><span class='ocrx_word' id='word_1_163' title='bbox 86 1844 190 1921; x_wconf 78' lang='grc' dir='ltr'>οὕνομα</span> <span class='ocrx_word' id='word_1_164' title='bbox 207 1847 284 1906; x_wconf 79' lang='grc' dir='ltr'>ἔθετο</span> <span class='ocrx_word' id='word_1_165' title='bbox 306 1846 351 1905; x_wconf 89' lang='grc' dir='ltr'>διοί</span> <span class='ocrx_word' id='word_1_166' title='bbox 372 1845 444 1905; x_wconf 86' lang='grc' dir='ltr'>τόδε·</span> <span class='ocrx_word' id='word_1_167' title='bbox 465 1844 600 1922; x_wconf 88' lang='grc' dir='ltr'>πρότερον</span> <span class='ocrx_word' id='word_1_168' title='bbox 621 1842 725 1904; x_wconf 77' lang='grc' dir='ltr'>τούτων</span> <span class='ocrx_word' id='word_1_169' title='bbox 746 1813 883 1920; x_wconf 81' lang='grc' dir='ltr'>πανδημεί</span> 
     </span>
     <span class='ocr_line' id='line_1_22' title="bbox 87 1931 883 2011; baseline 0.005 -23"><span class='ocrx_word' id='word_1_170' title='bbox 87 1934 259 2009; x_wconf 81' lang='grc' dir='ltr'>Σπαρτιῆται</span> <span class='ocrx_word' id='word_1_171' title='bbox 269 1933 424 2011; x_wconf 86' lang='grc' dir='ltr'>Ἀρίστωνι,</span> <span class='ocrx_word' id='word_1_172' title='bbox 435 1933 470 1997; x_wconf 77' lang='grc' dir='ltr'>ὥς</span> <span class='ocrx_word' id='word_1_173' title='bbox 480 1933 558 2011; x_wconf 85' lang='grc' dir='ltr'>α’νδρὶ</span> <span class='ocrx_word' id='word_1_174' title='bbox 569 1932 754 2009; x_wconf 76' lang='grc' dir='ltr'>εὐδοκιμέοντι</span> <span class='ocrx_word' id='word_1_175' title='bbox 762 1931 806 1991; x_wconf 81' lang='grc' dir='ltr'>διιί</span> <span class='ocrx_word' id='word_1_176' title='bbox 816 1931 883 1992; x_wconf 89' lang='grc' dir='ltr'>πάν·</span> 
     </span>
     <span class='ocr_line' id='line_1_23' title="bbox 85 2021 881 2104; baseline 0.001 -25"><span class='ocrx_word' id='word_1_177' title='bbox 85 2048 137 2079; x_wconf 93' lang='grc' dir='ltr'>των</span> <span class='ocrx_word' id='word_1_178' title='bbox 151 2021 184 2096; x_wconf 77' lang='grc' dir='ltr'>δη</span> <span class='ocrx_word' id='word_1_179' title='bbox 198 2026 253 2082; x_wconf 71' lang='grc' dir='ltr'>τῶν</span> <span class='ocrx_word' id='word_1_180' title='bbox 266 2023 412 2097; x_wconf 92' lang='grc' dir='ltr'>βασιλέων</span> <span class='ocrx_word' id='word_1_181' title='bbox 424 2025 479 2082; x_wconf 77' lang='grc' dir='ltr'>τῶν</span> <span class='ocrx_word' id='word_1_182' title='bbox 496 2027 525 2081; x_wconf 87' lang='grc' dir='ltr'>έν</span> <span class='ocrx_word' id='word_1_183' title='bbox 540 2025 577 2100; x_wconf 78' lang='grc' dir='ltr'>τῇ</span> <span class='ocrx_word' id='word_1_184' title='bbox 591 2021 707 2098; x_wconf 76' lang='grc' dir='ltr'>Σπάρτη</span> <span class='ocrx_word' id='word_1_185' title='bbox 719 2023 881 2104; x_wconf 81' lang='grc' dir='ltr'>γενομένων,</span> 
     </span>
     <span class='ocr_line' id='line_1_24' title="bbox 85 2107 882 2191; baseline 0 -25"><span class='ocrx_word' id='word_1_186' title='bbox 85 2108 154 2184; x_wconf 75' lang='grc' dir='ltr'>άρην</span> <span class='ocrx_word' id='word_1_187' title='bbox 174 2111 343 2186; x_wconf 69' lang='grc' dir='ltr'>ἔποιησαπο</span> <span class='ocrx_word' id='word_1_188' title='bbox 358 2110 445 2168; x_wconf 82' lang='grc' dir='ltr'>παῖδα</span> <span class='ocrx_word' id='word_1_189' title='bbox 462 2110 603 2191; x_wconf 86' lang='grc' dir='ltr'>γενέσθαι·</span> <span class='ocrx_word' id='word_1_190' title='bbox 625 2107 670 2166; x_wconf 84' lang='grc' dir='ltr'>διιί</span> <span class='ocrx_word' id='word_1_191' title='bbox 690 2111 774 2177; x_wconf 80' lang='grc' dir='ltr'>τοῦτο</span> <span class='ocrx_word' id='word_1_192' title='bbox 789 2109 841 2183; x_wconf 88' lang='grc' dir='ltr'>μέν</span> <span class='ocrx_word' id='word_1_193' title='bbox 856 2111 882 2166; x_wconf 86' lang='grc' dir='ltr'>οἰ</span> 
     </span>
     <span class='ocr_line' id='line_1_25' title="bbox 84 2192 929 2275; baseline 0.001 -21"><span class='ocrx_word' id='word_1_194' title='bbox 84 2197 115 2255; x_wconf 78' lang='grc' dir='ltr'>τό</span> <span class='ocrx_word' id='word_1_195' title='bbox 131 2197 235 2275; x_wconf 81' lang='grc' dir='ltr'>οὕνομα</span> <span class='ocrx_word' id='word_1_196' title='bbox 250 2198 418 2275; x_wconf 84' lang='grc' dir='ltr'>Δημάρητος</span> <span class='ocrx_word' id='word_1_197' title='bbox 432 2199 520 2272; x_wconf 80' lang='grc' dir='ltr'>ἐτέθη.</span> <span class='ocrx_word' id='word_1_198' title='bbox 562 2196 672 2273; x_wconf 90' lang='grc' dir='ltr'>Χρόνου</span> <span class='ocrx_word' id='word_1_199' title='bbox 686 2195 716 2254; x_wconf 77' lang='grc' dir='ltr'>δὲ</span> <span class='ocrx_word' id='word_1_200' title='bbox 728 2192 881 2271; x_wconf 84' lang='grc' dir='ltr'>προίόντος,</span> <span class='ocrx_word' id='word_1_201' title='bbox 892 2197 929 2255; x_wconf 84' lang='grc'>64</span> 
     </span>
     <span class='ocr_line' id='line_1_26' title="bbox 84 2283 881 2363; baseline 0.001 -21"><span class='ocrx_word' id='word_1_202' title='bbox 84 2283 220 2361; x_wconf 86' lang='grc' dir='ltr'>Ἀρίστων</span> <span class='ocrx_word' id='word_1_203' title='bbox 232 2290 284 2363; x_wconf 83' lang='grc' dir='ltr'>μὲν</span> <span class='ocrx_word' id='word_1_204' title='bbox 298 2286 418 2347; x_wconf 82' lang='grc' dir='ltr'>α’πέθανε</span> <span class='ocrx_word' id='word_1_205' title='bbox 429 2284 598 2362; x_wconf 78' lang='grc' dir='ltr'>Δημάρητος</span> <span class='ocrx_word' id='word_1_206' title='bbox 611 2284 640 2342; x_wconf 81' lang='grc' dir='ltr'>δὲ</span> <span class='ocrx_word' id='word_1_207' title='bbox 654 2285 721 2362; x_wconf 78' lang='grc' dir='ltr'>ἔσχε</span> <span class='ocrx_word' id='word_1_208' title='bbox 731 2284 783 2359; x_wconf 73' lang='grc' dir='ltr'>τὴν</span> <span class='ocrx_word' id='word_1_209' title='bbox 796 2284 881 2360; x_wconf 88' lang='grc' dir='ltr'>βασι-</span> 
     </span>
     <span class='ocr_line' id='line_1_27' title="bbox 84 2371 882 2453; baseline 0.001 -23"><span class='ocrx_word' id='word_1_210' title='bbox 84 2375 174 2449; x_wconf 78' lang='grc' dir='ltr'>ληίην.</span> <span class='ocrx_word' id='word_1_211' title='bbox 197 2376 254 2434; x_wconf 83' lang='grc' dir='ltr'>ἔδεε</span> <span class='ocrx_word' id='word_1_212' title='bbox 273 2376 310 2445; x_wconf 84' lang='grc' dir='ltr'>δὲ,</span> <span class='ocrx_word' id='word_1_213' title='bbox 328 2374 364 2437; x_wconf 79' lang='grc' dir='ltr'>ὦς</span> <span class='ocrx_word' id='word_1_214' title='bbox 382 2376 460 2444; x_wconf 83' lang='grc' dir='ltr'>ἔοικε,</span> <span class='ocrx_word' id='word_1_215' title='bbox 475 2372 621 2432; x_wconf 81' lang='grc' dir='ltr'>α’νάπυστα</span> <span class='ocrx_word' id='word_1_216' title='bbox 640 2371 776 2453; x_wconf 86' lang='grc' dir='ltr'>γενόμενα</span> <span class='ocrx_word' id='word_1_217' title='bbox 793 2375 882 2431; x_wconf 81' lang='grc' dir='ltr'>ταῦτα</span> 
     </span>
     <span class='ocr_line' id='line_1_28' title="bbox 84 2459 881 2539; baseline 0.001 -22"><span class='ocrx_word' id='word_1_218' title='bbox 84 2467 262 2521; x_wconf 80' lang='grc' dir='ltr'>καταπαῦσαι</span> <span class='ocrx_word' id='word_1_219' title='bbox 271 2462 439 2539; x_wconf 87' lang='grc' dir='ltr'>Δημάρητον</span> <span class='ocrx_word' id='word_1_220' title='bbox 452 2464 502 2536; x_wconf 80' lang='grc' dir='ltr'>τῆς</span> <span class='ocrx_word' id='word_1_221' title='bbox 514 2460 678 2537; x_wconf 80' lang='grc' dir='ltr'>βασιληίης,</span> <span class='ocrx_word' id='word_1_222' title='bbox 687 2459 732 2519; x_wconf 76' lang='grc' dir='ltr'>διά</span> <span class='ocrx_word' id='word_1_223' title='bbox 744 2459 780 2519; x_wconf 82' lang='grc' dir='ltr'>τά</span> <span class='ocrx_word' id='word_1_224' title='bbox 791 2465 881 2518; x_wconf 90' lang='grc' dir='ltr'>Κλεο-</span> 
     </span>
     <span class='ocr_line' id='line_1_29' title="bbox 83 2546 882 2630; baseline 0.003 -24"><span class='ocrx_word' id='word_1_225' title='bbox 83 2549 159 2623; x_wconf 86' lang='grc' dir='ltr'>μένεϊ</span> <span class='ocrx_word' id='word_1_226' title='bbox 177 2549 316 2626; x_wconf 78' lang='grc' dir='ltr'>διεβλήθη</span> <span class='ocrx_word' id='word_1_227' title='bbox 334 2549 463 2630; x_wconf 79' lang='grc' dir='ltr'>μεγάλως</span> <span class='ocrx_word' id='word_1_228' title='bbox 479 2547 615 2625; x_wconf 85' lang='grc' dir='ltr'>πρότερόν</span> <span class='ocrx_word' id='word_1_229' title='bbox 632 2573 663 2607; x_wconf 89' lang='grc' dir='ltr'>τε</span> <span class='ocrx_word' id='word_1_230' title='bbox 682 2547 700 2606; x_wconf 83' lang='grc' dir='ltr'>ό</span> <span class='ocrx_word' id='word_1_231' title='bbox 715 2546 882 2624; x_wconf 82' lang='grc' dir='ltr'>Δημάρητος</span> 
     </span>
     <span class='ocr_line' id='line_1_30' title="bbox 83 2634 882 2748; baseline 0 -56"><span class='ocrx_word' id='word_1_232' title='bbox 83 2634 235 2748; x_wconf 80' lang='grc' dir='ltr'>α’παγαγοίν</span> <span class='ocrx_word' id='word_1_233' title='bbox 248 2636 309 2712; x_wconf 76' lang='grc' dir='ltr'>’τήν</span> <span class='ocrx_word' id='word_1_234' title='bbox 326 2636 461 2715; x_wconf 73' lang='grc' dir='ltr'>στρατιήν</span> <span class='ocrx_word' id='word_1_235' title='bbox 483 2636 513 2704; x_wconf 79' lang='grc' dir='ltr'>ἐξ</span> <span class='ocrx_word' id='word_1_236' title='bbox 528 2634 700 2705; x_wconf 82' lang='grc' dir='ltr'>Ἐλευσῖνος,</span> <span class='ocrx_word' id='word_1_237' title='bbox 715 2635 761 2692; x_wconf 82' lang='grc' dir='ltr'>καὶ</span> <span class='ocrx_word' id='word_1_238' title='bbox 779 2634 813 2710; x_wconf 72' lang='grc' dir='ltr'>δή</span> <span class='ocrx_word' id='word_1_239' title='bbox 836 2635 882 2693; x_wconf 87' lang='grc' dir='ltr'>καί</span> 
     </span>
     <span class='ocr_line' id='line_1_31' title="bbox 82 2721 880 2804; baseline 0.004 -23"><span class='ocrx_word' id='word_1_240' title='bbox 82 2723 146 2782; x_wconf 89' lang='grc' dir='ltr'>τότε</span> <span class='ocrx_word' id='word_1_241' title='bbox 174 2724 216 2783; x_wconf 82' lang='grc' dir='ltr'>ἐπ’</span> <span class='ocrx_word' id='word_1_242' title='bbox 243 2726 410 2804; x_wconf 84' lang='grc' dir='ltr'>Αἰγινητεων</span> <span class='ocrx_word' id='word_1_243' title='bbox 441 2751 515 2787; x_wconf 78' lang='grc' dir='ltr'>τους·</span> <span class='ocrx_word' id='word_1_244' title='bbox 532 2722 703 2800; x_wconf 87' lang='grc' dir='ltr'>μηδίσαντας</span> <span class='ocrx_word' id='word_1_245' title='bbox 730 2721 880 2798; x_wconf 83' lang='grc' dir='ltr'>διαβάντος</span> 
     </span>
     <span class='ocr_line' id='line_1_32' title="bbox 83 2809 928 2890; baseline 0 -23"><span class='ocrx_word' id='word_1_246' title='bbox 83 2815 266 2889; x_wconf 85' lang='grc' dir='ltr'>Κλεομένεος</span> <span class='ocrx_word' id='word_1_247' title='bbox 308 2810 494 2890; x_wconf 63' lang='grc' dir='ltr'>ίὈρμηθεὶς</span> <span class='ocrx_word' id='word_1_248' title='bbox 475 2838 512 2871; x_wconf 93' lang='grc' dir='ltr'>ων</span> <span class='ocrx_word' id='word_1_249' title='bbox 530 2809 766 2872; x_wconf 86' lang='grc' dir='ltr'>αἰποτίννυσθαι</span> <span class='ocrx_word' id='word_1_250' title='bbox 751 2838 765 2868; x_wconf 91' lang='grc' dir='ltr'>ο</span> <span class='ocrx_word' id='word_1_251' title='bbox 791 2815 879 2868; x_wconf 91' lang='grc' dir='ltr'>Κλεο-</span> <span class='ocrx_word' id='word_1_252' title='bbox 890 2810 928 2868; x_wconf 84' lang='grc'>65</span> 
     </span>
     <span class='ocr_line' id='line_1_33' title="bbox 81 2893 888 3000; baseline -0.004 -42"><span class='ocrx_word' id='word_1_253' title='bbox 81 2901 173 2976; x_wconf 88' lang='grc' dir='ltr'>μένης,</span> <span class='ocrx_word' id='word_1_254' title='bbox 186 2893 348 2962; x_wconf 86' lang='grc' dir='ltr'>συντίθεται</span> <span class='ocrx_word' id='word_1_255' title='bbox 358 2900 512 2978; x_wconf 77' lang='grc' dir='ltr'>Λευτυχίδῃ</span> <span class='ocrx_word' id='word_1_256' title='bbox 526 2926 563 2958; x_wconf 89' lang='grc' dir='ltr'>τω</span> <span class='ocrx_word' id='word_1_257' title='bbox 551 2897 716 2977; x_wconf 89' lang='grc' dir='ltr'>Μενάρεος</span> <span class='ocrx_word' id='word_1_258' title='bbox 726 2924 775 2957; x_wconf 90' lang='grc' dir='ltr'>του</span> <span class='ocrx_word' id='word_1_259' title='bbox 763 2897 888 3000; x_wconf 79' lang='grc' dir='ltr'>Ἀγιος,</span> 
     </span>
     <span class='ocr_line' id='line_1_34' title="bbox 82 2981 896 3066; baseline -0.006 -20"><span class='ocrx_word' id='word_1_260' title='bbox 82 2987 153 3047; x_wconf 82' lang='grc' dir='ltr'>ἐόντι</span> <span class='ocrx_word' id='word_1_261' title='bbox 169 2992 255 3066; x_wconf 81' lang='grc' dir='ltr'>οἰκίης</span> <span class='ocrx_word' id='word_1_262' title='bbox 267 3016 317 3066; x_wconf 94' lang='grc' dir='ltr'>της</span> <span class='ocrx_word' id='word_1_263' title='bbox 330 2989 415 3064; x_wconf 78' lang='grc' dir='ltr'>αυτῆς</span> <span class='ocrx_word' id='word_1_264' title='bbox 423 2985 649 3100; x_wconf 78' lang='grc' dir='ltr'>Δημαρήτω,ἐπ’</span> <span class='ocrx_word' id='word_1_265' title='bbox 670 3014 693 3042; x_wconf 79' lang='grc' dir='ltr'>ω</span> <span class='ocrx_word' id='word_1_266' title='bbox 704 3007 793 3055; x_wconf 56' lang='grc' dir='ltr'>τωρ</span> <span class='ocrx_word' id='word_1_267' title='bbox 809 2981 896 3035; x_wconf 49' lang='grc' dir='ltr'>αὐτου</span> 
     </span>
     <span class='ocr_line' id='line_1_35' title="bbox 77 3063 918 3161; baseline -0.001 -21"><span class='ocrx_word' id='word_1_268' title='bbox 77 3079 245 3161; x_wconf 76' lang='grc' dir='ltr'>Καταστήσῃ</span> <span class='ocrx_word' id='word_1_269' title='bbox 259 3078 430 3157; x_wconf 85' lang='grc' dir='ltr'>βασιλέα’</span> <span class='ocrx_word' id='word_1_270' title='bbox 414 3105 481 3141; x_wconf 89' lang='grc' dir='ltr'>αντι</span> <span class='ocrx_word' id='word_1_271' title='bbox 500 3075 697 3155; x_wconf 56' lang='grc' dir='ltr'>Δημαρήτου,</span> <span class='ocrx_word' id='word_1_272' title='bbox 704 3065 816 3144; x_wconf 53' lang='grc' dir='ltr'>ὒλὶἳω</span> <span class='ocrx_word' id='word_1_273' title='bbox 832 3084 863 3113; x_wconf 46' lang='grc' dir='ltr'>Ἃ</span> <span class='ocrx_word' id='word_1_274' title='bbox 877 3063 918 3109; x_wconf 61' lang='lat'>²¹³</span> 
     </span>
     <span class='ocr_line' id='line_1_36' title="bbox 66 3146 959 3250; baseline 0.003 -21"><span class='ocrx_word' id='word_1_275' title='bbox 66 3167 234 3244; x_wconf 76' lang='grc' dir='ltr'>Αἶγινητας</span> <span class='ocrx_word' id='word_1_276' title='bbox 280 3199 298 3232; x_wconf 91' lang='grc' dir='ltr'>ο</span> <span class='ocrx_word' id='word_1_277' title='bbox 289 3170 351 3232; x_wconf 74' lang='grc' dir='ltr'>δὲ</span> <span class='ocrx_word' id='word_1_278' title='bbox 371 3163 599 3250; x_wconf 79' lang='grc' dir='ltr'>Δευτυχίδης</span> <span class='ocrx_word' id='word_1_279' title='bbox 582 3189 624 3240; x_wconf 76' lang='grc' dir='ltr'>ην</span> <span class='ocrx_word' id='word_1_280' title='bbox 648 3156 769 3238; x_wconf 52' lang='lat' dir='ltr'>‘Xsskffi</span> <span class='ocrx_word' id='word_1_281' title='bbox 784 3171 831 3220; x_wconf 66' lang='lat'>‘³⁰‘</span> <span class='ocrx_word' id='word_1_282' title='bbox 851 3146 959 3206; x_wconf 47' lang='lat' dir='ltr'>mm·</span> 
     </span>
    </p>
   </div>
   <div class='ocr_carea' id='block_1_2' title="bbox 52 3201 988 3348">
    <p class='ocr_par' dir='ltr' id='par_1_3' title="bbox 52 3201 988 3348">
     <span class='ocr_line' id='line_1_37' title="bbox 52 3201 988 3348; baseline -0.05 -21"><span class='ocrx_word' id='word_1_283' title='bbox 52 3251 137 3333; x_wconf 61' lang='grc' dir='ltr'>Ρῆτῳ</span> <span class='ocrx_word' id='word_1_284' title='bbox 152 3257 303 3331; x_wconf 75' lang='grc' dir='ltr'>μάλιστα</span> <span class='ocrx_word' id='word_1_285' title='bbox 321 3287 467 3348; x_wconf 71' lang='grc' dir='ltr'>γεγογως</span> <span class='ocrx_word' id='word_1_286' title='bbox 486 3256 544 3320; x_wconf 63' lang='grc' dir='ltr'>διὰ,</span> <span class='ocrx_word' id='word_1_287' title='bbox 561 3259 704 3333; x_wconf 60' lang='grc' dir='ltr'>πρῆγμα,</span> <span class='ocrx_word' id='word_1_288' title='bbox 726 3201 862 3301; x_wconf 57' lang='grc' dir='ltr'>τοιουδε</span> <span class='ocrx_word' id='word_1_289' title='bbox 889 3217 988 3286; x_wconf 50' lang='lat' dir='ltr'>ww*</span> 
     </span>
    </p>
   </div>
   <div class='ocr_carea' id='block_1_3' title="bbox 0 0 1016 3450">
    <p class='ocr_par' dir='ltr' id='par_1_4' title="bbox 0 0 1016 3450">
     <span class='ocr_line' id='line_1_38' title="bbox 0 0 1016 3450; baseline 0 0"><span class='ocrx_word' id='word_1_290' title='bbox 0 0 1016 3450; x_wconf 95' lang='lat' dir='ltr'> </span> 
     </span>
    </p>
   </div>
  </div>
 </body>
</html>
