2024 3450
101 107 205 174 12-16]
402 109 591 159 KAAAIOIIH.
852 113 898 163 287

98 185 265 267 α’γγελίηώς
278 189 360 254 άλέες
378 191 477 267 εἴησαν
495 194 522 250 οἱ
536 190 676 267 Ἕλληνες
692 195 722 253 ἐν
734 196 773 272 τῷ
783 191 899 272 Ἰσθμῷ·
933 227 935 232 ·

97 274 167 336 οὕτω
194 277 228 352 δὴ
256 277 347 339 ὀπίσω
375 277 521 354 ἐπορεύετο
546 278 591 337 διά
613 279 759 356 Δεκελέης·
795 283 821 341 οἱ
844 280 899 361 γάρ

96 365 271 444 βοιωτάρχαι
301 367 516 445 μετεπέμψαντο
545 367 609 430 τούς
635 368 819 447 προσχώρους
844 374 898 429 τών

97 451 253 514 Ἀσωπίων·
275 452 352 514 οὗτοι
365 454 395 512 δέ
408 453 481 533 αύτῷ
493 453 546 529 την
559 453 625 513 ὁδόν
638 453 754 534 ἡγέοντο
769 460 796 517 ἐς
810 459 898 532 Σφεν·
944 481 946 484 ’

96 540 207 604 δαλέας·
237 544 362 602 ἐνθεῦτεν
383 542 413 600 δὲ
435 547 462 604 ἐς
483 539 639 620 Τανάγρην·
669 546 698 600 ἐν
719 541 847 621 Τανάγρῃ
870 544 899 602 δὲ

97 627 182 687 νύκτα
203 629 429 704 ἐναυλισάμενος,
453 630 498 687 καὶ
518 627 691 703 τραπόμενος
711 632 746 706 τῇ
766 627 899 708 ύστεραίῃ

97 718 125 776 ἐς
141 716 265 785 Σκῶλον,
288 720 316 775 έν
336 720 374 796 γῇ
390 720 426 794 τῇ
443 715 575 791 Θηβαίων
591 714 635 789 ἦν·
657 716 775 774 ἐνθαῦτα
795 715 825 773 δὲ
844 721 899 777 τών

97 803 230 877 Θηβαίων
245 804 341 881 καίπερ
355 803 523 880 μηδιζόντων
537 804 622 880 ἔκειρε
634 801 699 864 τούς
711 802 825 882 χώρους,
840 803 899 864 ούτι

98 890 168 950 κατά
195 892 277 970 ἔχθος
303 891 399 962 αύτῶν,
429 889 495 950 ἀλλ’
520 889 567 950 ὕπ’
594 889 745 972 ἀναγκαίης
773 891 899 973 μεγάλης

98 977 238 1058 ἐχόμενος.
279 978 455 1056 βουλόμενος
475 978 562 1057 ἔρυμά
580 1005 612 1039 τε
631 984 670 1059 τῷ
689 983 801 1058 στρατῷ
820 979 899 1056 ποιή·

97 1068 213 1140 σασθαι,
228 1068 274 1126 καὶ
286 1065 320 1142 ἢν
339 1065 520 1146 συμβαλόντι
534 1071 561 1127 οἶ
577 1068 617 1145 μὴ
635 1069 752 1146 ἐκβαίνῃ
766 1067 859 1127 ὁκοῖόν
871 1093 899 1128 τι

75 1192 77 1196 »
98 1156 197 1226 ἐθέλοι,
225 1155 420 1239 κρησφύγετον
447 1161 530 1217 τοῦτο
561 1159 693 1216 ἐποιέετο.
735 1160 842 1233 παρῆκε
869 1156 899 1215 δὲ

97 1243 182 1304 αύτοῦ
204 1244 237 1304 τό
264 1245 454 1321 στρατόπεδον
479 1243 634 1321 ἀρξάμενον
661 1242 717 1303 οἷπδ
745 1243 899 1319 Ἐρυθρέων

97 1332 173 1408 παρὰ
192 1332 299 1394 Ὑσιάς·
329 1335 465 1391 κατέτεινε
486 1331 515 1389 δὲ
535 1337 562 1394 ἐς
581 1331 633 1405 τήν
655 1329 815 1389 Πλαταιΐδα
834 1333 897 1409 γῆν,

97 1418 173 1494 παρὰ
192 1418 392 1500 τὸνᾌσωπδν
411 1416 539 1491 ποταμόν
558 1418 735 1496 τεταγμένον·
757 1414 790 1475 ού
802 1417 897 1492 μέντοι

96 1502 130 1563 τό
149 1529 182 1583 γε
201 1507 294 1580 τεῖχος
313 1508 450 1563 τοσοῦτον
471 1504 601 1573 ἐποιέετο,
623 1501 688 1561 ἀλλ’
710 1503 745 1565 ώς
766 1503 812 1562 ἐπὶ
832 1503 897 1563 δέκα

98 1591 227 1651 σταδίους
238 1590 366 1665 μάλιστά
380 1617 415 1666 κη
428 1591 555 1666 μέτωπον
570 1591 695 1649 ἕκαστον.

137 1677 274 1754 Ἐχόντων
301 1678 330 1736 δὲ
356 1678 405 1736 τόν
425 1676 511 1736 πόνον
531 1681 629 1736 τοῦτον
649 1681 703 1736 τῶν
730 1678 945 1755 βαρβάρων,16

96 1765 257 1844 Ἀτταγῖνος
277 1763 293 1823 ό
313 1763 464 1840 Φρύνωνος,
478 1763 547 1840 ἀνὴρ
569 1766 704 1840 Θηβαῖος,
721 1791 897 1842 παρασκευα-

97 1852 218 1929 σάμενος
237 1851 372 1931 μεγάλως,
388 1850 483 1910 ἐκάλεε
504 1852 550 1910 ἐπὶ
570 1853 655 1921 ξείνια
675 1851 758 1913 αύτόν
770 1878 801 1912 τε
817 1859 897 1930 Μαρ-

96 1940 187 2000 δόνιον
201 1939 247 1997 καὶ
260 1938 431 2014 πεντήκοντα
448 1940 582 2016 Περσέων
599 1940 663 2002 τούς
680 1939 897 2019 λογιμωτάτους·

96 2028 244 2103 κληθέν-τες
261 2028 290 2086 δὲ
306 2025 383 2086 οὗτοι
400 2027 508 2087 ἐποντο·
529 2026 564 2101 ἦν
582 2027 611 2085 δέ
631 2026 664 2087 τό
683 2027 793 2087 δεῖπνον
805 2027 897 2087 ποιεύ-

94 2141 178 2192 μενον
199 2122 228 2176 ἐν
246 2115 372 2194 Θήβῃσι.
415 2115 450 2174 τά
467 2116 496 2174 δὲ
516 2114 569 2192 ἤδη
590 2115 626 2176 τά
645 2116 779 2174 ἐπίλοιπα
795 2114 898 2191 ἤκουον

94 2204 281 2282 Θερσάνδρου,
296 2203 394 2280 ἀνδρὸς
412 2205 463 2279 μὲν
482 2202 675 2283 Ὀρχομενίου,
694 2204 814 2285 λογίμου
827 2203 857 2275 δὲ
871 2208 898 2266 ἐς

94 2291 130 2353 τά
142 2295 239 2370 πρώτα
253 2298 282 2352 ἐν
298 2290 468 2371 Ὀρχομενῷ·
490 2293 545 2368 ἔφη
564 2292 593 2350 δέ
609 2291 624 2352 ό
642 2292 817 2368 Θέρσανδρος
831 2296 898 2369 κλη-

96 2379 177 2455 θῆναι
191 2381 237 2440 καὶ
247 2380 329 2443 αι’πδς
338 2378 393 2440 ύπδ
403 2379 568 2461 Ἀτταγίνου
579 2380 624 2439 ἐπὶ
634 2379 666 2440 τό
682 2380 790 2439 δεῖπνον·
803 2384 896 2440 τοῦτο·

95 2467 233 2542 κληθῆναι
253 2469 283 2527 δέ
305 2467 351 2526 καὶ
369 2468 502 2542 Θηβαίων
523 2467 623 2545 ἄνδρας
639 2467 819 2542 πεντήκοντα·
851 2468 901 2527 καί

95 2559 192 2628 σφεων
201 2553 233 2612 ού
243 2555 326 2631 χωρὶς
336 2557 480 2631 ἑκατέρους
489 2558 589 2625 κλῖναι,
598 2554 676 2615 ἄλλά
686 2556 802 2633 Πέρσην
812 2581 843 2616 τε
852 2557 898 2614 καὶ

95 2641 224 2715 Θηβαῖον
238 2647 266 2700 ἐν
280 2641 361 2718 κλίνη
375 2642 487 2722 ἑκάστη·
522 2642 558 2706 οἷς
570 2643 600 2702 δέ
613 2642 669 2703 άπδ
689 2644 800 2704 δείπνου
813 2643 896 2718 ἦσαν,

95 2726 282 2797 διαπινόντων,
303 2728 353 2788 τόν
374 2730 490 2805 Πέρσην
515 2730 566 2790 τόν
592 2730 750 2809 ὁμόκλινον,
771 2730 898 2790 Ἐλλάδα

93 2819 233 2896 γλῶσσαν
266 2816 349 2884 ἱέντα,
378 2817 502 2893 εἴρεσθαι
532 2817 617 2878 αύτὸν
647 2817 788 2880 ὁποδαπός
817 2824 896 2888 ε’στι;

94 2902 177 2967 αύτός
198 2903 227 2962 δὲ
246 2903 451 2980 ὑποκρίνασθαι
470 2904 507 2969 ώς
522 2906 566 2982 εἴη
581 2906 784 2983 Ὀρχομένιος·
812 2903 865 2956 τῖυι
877 2902 923 2952 ἳέ

90 2993 186 3049 εἰπεῖν·
202 3001 222 3027 “
227 2993 288 3053 ε’πεί
298 2995 350 3054 νῦν
363 2992 567 3075 ὁμοτράπεζός
576 2995 611 3054 τέ
628 3017 680 3070 μοι
691 2988 743 3047 καλ
752 2977 956 3064 mamm·

78 3076 183 3152 ἐγένεο,
196 3082 377 3160 μνημόσυνά
400 3113 450 3148 τοι
472 3087 602 3170 γνώμης
621 3084 683 3154 τῆς
703 3075 784 3147 ἒθῆῗ
808 3057 981 3116 mmm&

808 3146 823 3164 N

66 3160 139 3218 σθαι
163 3163 252 3238 θέλω,
280 3173 333 3234 ἴνα
356 3176 413 3237 καὶ
437 3173 599 3257 προειδώς
622 3164 722 3228 &3³55
754 3169 846 3252 πεζῷ*
864 3138 986 3265 ῦῗςῖἲξ

721 3272 730 3286 .
829 3246 873 3300 qs
