2024 3450
111 109 185 174 1-5]
431 114 586 162 omm.
870 116 917 163 ται

109 189 275 265 ἐπιτρέπειν·
297 190 471 301 ἐπιβάντων
489 192 576 249 δὲ
536 217 592 249 των
610 192 778 296 συμμάχων,
797 190 871 251 εἶκον
890 195 918 251 οἶ

107 273 313 352 Αθηναῖοι,’
275 305 350 390 μεγα
367 278 551 352 πεποιημένοι
567 283 702 353 περιεῖναι
719 280 773 352 τήν
788 278 916 338 Ελλάδα

107 365 153 421 καὶ
172 365 286 444 γνόντες
307 371 330 425 εἰ
351 364 546 424 στασιάσουσι
566 365 630 468 περὶ
646 368 697 438 τῆς
713 364 863 443 ἡγεμονίης
880 367 916 430 ὦς

106 450 298 530 α’πολέεταιή
317 452 434 519 Ελλᾶς,
455 449 526 526 ὀρθά
548 454 682 512 νοεῦντες.
724 451 895 530 [στάσις
859 480 914 531 γαρ

105 539 233 614 ἔμφυλος
252 541 381 616 πολέμου
409 537 634 613 ὁμοφρονέοντος
661 537 792 614 τοσούτῳ
819 538 914 599 κάκιόν

104 630 175 697 ἐστι,
190 628 249 706 ὅσῳ
265 628 392 702 πόλεμος
410 624 540 706 εἰρήνης]
585 624 768 699 ἐπιστάμενοι
787 623 824 681 ὧν
844 624 912 686 αὐτό

103 719 195 786 τοῦτο,
216 715 267 773 οὐκ
285 714 449 782 ἀπέτεινον,
463 711 529 772 ἀλλ’
544 711 619 771 εἶκον
635 713 721 789 μέχρι
739 710 811 771 ὅσου
825 712 913 788 κάρτα

104 800 214 859 ἐδέοντο
228 799 327 870 αὐτῶν,
343 799 379 862 οἷς
392 799 523 869 διέδεξαν·
546 798 582 862 ὥς
594 799 649 880 γάρ
663 799 700 874 δή
710 798 852 874 ὠσάμενοι
864 801 914 862 τόν

104 887 220 960 Πέρσεω
237 888 368 964 περὶτῆς
387 887 490 946 ἐκείνου
508 887 562 963 ἤδη
580 886 631 946 τόν
646 886 742 967 άγῶνα
758 891 908 962 ἐποιεῦντο,

101 972 249 1048 πρόφασιν
261 975 314 1050 τήν
328 976 496 1035 Παυσανίεω
509 974 593 1051 ὕβριν
603 973 816 1053 προῖσχόμενοι,
830 974 908 1036 άπεί-

100 1064 186 1120 λοντο
205 1062 259 1137 τήν
277 1062 430 1143 ἡγεμονίην
453 1062 519 1125 τοῦς
541 1062 788 1139 Λακεδαιμονίους.
829 1062 908 1124 α’λλά

98 1147 185 1207 ταῦτα
197 1151 251 1224 μέν
263 1148 384 1228 ὕστερον
398 1150 516 1230 ἐγένετο.

137 1235 208 1296 Τότε
227 1236 258 1296 δέ
279 1235 357 1298 οὗτοι
382 1241 409 1297 οἱ
429 1239 475 1296 καὶ
496 1236 539 1296 ἐπ’
558 1237 741 1314 Ἀρτεμίσιον
760 1237 934 1311 Ἐλλήνων4

96 1323 269 1400 α’πικόμενοι,
297 1325 333 1388 ὥς
354 1324 428 1383 εΥὸον
448 1326 510 1386 νέας
524 1351 561 1384 ’τε
584 1324 698 1386 πολλάς
718 1324 906 1399 καταχθείσας

96 1416 123 1472 ἐς
148 1412 199 1474 τάς
225 1411 350 1487 Ἀφέτας
377 1412 424 1468 καὶ
443 1414 579 1486 στρατιῆς
605 1408 717 1468 ἅπαντα
741 1410 824 1477 πλέα,
846 1412 905 1471 ἐπεὶ

95 1497 208 1557 αὐτοῖσι
233 1498 311 1574 παρά
339 1498 423 1566 δόξαν
444 1496 479 1555 τά
499 1496 653 1576 πρήγματα
672 1499 728 1554 τῶν
747 1495 905 1574 βαρβάρων

95 1583 233 1659 ἀπέβαινε
250 1583 269 1658 ἢ
287 1585 322 1646 ὥς
340 1582 420 1642 αὐτοὶ
441 1583 611 1652 κατεδόκεον,
630 1582 903 1660 καταρρωδήσαντες,

95 1669 223 1746 δρησμὸν
237 1671 391 1747 ἐβούλευον
407 1669 464 1729 άπό
482 1674 534 1730 τοῦ
546 1668 728 1746 Ἀρτεμισίου
741 1671 796 1728 ἔσω
811 1673 841 1734 ἐς
852 1671 904 1749 τήν

92 1755 232 1816 Ἐλλάδα·
252 1757 366 1839 γνόντες
384 1758 416 1816 δέ
432 1764 525 1832 σφεας
542 1760 570 1816 οἱ
587 1755 712 1833 Εὐβοέες
730 1759 820 1819 ταῦτα
833 1760 902 1836 βου-

92 1847 268 1921 λευομένους,
289 1845 399 1906 ἐδέοντο
416 1844 596 1922 Εὐρυβιάδεω
616 1849 786 1923 προσμεῖναι
798 1845 901 1925 χρόνον

92 1932 199 2013 ὀλίγον,
218 1932 285 1992 ἐστ’
312 1930 347 1992 ἂν
373 1931 453 1993 αὔτοὶ
475 1933 558 1992 τέκνα
580 1958 612 1994 τε
638 1933 685 1991 καὶ
707 1933 772 1996 τοός
793 1936 900 2000 οἰκέτας

89 2018 286 2080 όπεκθέωνται·
316 2020 365 2083 -εός
384 2019 409 2080 δ’
429 2018 479 2079 ου’κ
506 2021 624 2091 ἔπειθον,
648 2020 824 2097 μεταβάντες
848 2023 900 2083 τόν

88 2104 243 2184 Ἀθηναίων
272 2107 435 2190 στρατηγόν
467 2109 598 2169 πείθουσι
626 2109 824 2186 Θεμιστοκλέα
851 2111 897 2173 ἐπὶ

87 2197 182 2275 μισθῷ
193 2197 344 2273 τριήκοντα
356 2195 531 2268 ταλάντοισι,
545 2195 588 2256 ἐπ’
602 2194 624 2277 ᾧ
638 2222 670 2258 τε
686 2196 897 2274 καταμείναντες

86 2283 142 2359 πρό
155 2289 206 2360 τῆς
219 2283 346 2361 Εὐβοίης
358 2283 528 2360 ποιήσονται
539 2283 593 2361 πὶν
608 2284 775 2363 ναυμαχίην.
816 2284 850 2346 'O
864 2286 923 2347 δέθ

86 2372 297 2446 Θεμιστοκλέης
322 2371 388 2436 τούς
408 2371 554 2449 Ἕλληνας
575 2376 704 2453 ἐπισχεῖν
723 2369 777 2433 ὦδε
795 2376 893 2435 ποιέει·

85 2457 250 2536 Εὐρυβιάδῃ
269 2459 375 2520 τούτων
397 2464 452 2520 τῶν
471 2459 623 2540 χρημάτων
645 2459 791 2538 μεταδιδοῖ
808 2463 891 2524 πέντε

84 2544 220 2613 τάλαντα,
242 2543 278 2607 ιός
296 2544 363 2621 παρ’
384 2550 485 2607 ἑωυτοῦ
505 2549 589 2623 δῆθεν
609 2546 710 2612 διδοθς
757 2547 793 2613 ὥς
812 2550 845 2611 δέ
864 2553 892 2611 οἳ

84 2627 166 2695 οὗτος
193 2630 386 2703 ἀνεπέπειστο,
421 2633 611 2714 (Αὸείμαντος
638 2636 694 2717 γάρ
721 2635 738 2695 ό
763 2635 889 2709 Ὠκύτου,

82 2720 233 2796 Κορίνθιος
250 2719 420 2801 στρατηγός,
433 2725 489 2782 τῶν
506 2727 615 2784 λοιπόν
633 2722 757 2801 ἤσπαιρε
775 2729 887 2801 μοῦνος,

82 2806 208 2883 φάμενος
223 2806 453 2880 οἶποπλιόσεσθαί
464 2835 497 2871 τε
515 2809 572 2872 άπό
584 2815 636 2873 τοῦ
648 2810 828 2887 Ἀρτεμισίου
840 2811 887 2870 καὶ

80 2893 113 2954 οὖ
125 2896 330 3004 παραμενέειν,)
340 2895 411 2973 πρός
423 2896 567 2974 δήτοῦτον
576 2897 638 2959 εἴτε
651 2898 668 2959 ό
678 2897 887 2975 Θεμιστοκλέης

79 2983 233 3059 ἐπομόσας·
266 2983 327 3044 “ου
347 2983 387 3044 σύ
405 3010 440 3066 γε
459 2985 547 3063 ήμέας
567 2985 739 3061 ἀπολείψεις,
762 2983 825 3041 ἐπεί
840 3006 886 3042 τοι

79 3074 134 3150 ἐγω
125 3071 223 3147 μέζω
241 3073 317 3149 δῶρα
337 3071 456 3131 διόσω
438 3098 456 3149 η
478 3071 651 3151 βασιλευς”
637 3096 670 3130 αν
689 3094 739 3128 τοι
755 3067 899 3137 ολληῗτωυ

76 3157 197 3235 πέμψειε
221 3158 420 3224 α’πολιπόντι
413 3189 495 3228 τους
525 3154 729 3269 συμγάχυμς
770 3173 872 3208 '‘W“
895 3165 934 3197 “²

55 3243 125 3378 *ἆηίῗ
138 3270 271 3375 θζὲρίυί,
284 3252 338 3313 καὶ
356 3253 474 3334 πέμπει
495 3253 547 3315 ἐπι
565 3251 622 3327 τήν
646 3245 704 3306 νἐα
719 3239 776 3311 τὴν
785 3221 960 3295 Κοεωων·
