2024 3450
107 110 248 175 τοο-133]
475 109 587 157 mmo.
667 134 670 140 ·
857 110 904 157 113

104 219 155 252 τον
176 189 309 271 α’ργυρίου
329 185 436 265 ἐκάοτῳ
458 187 560 263 δωρεήν
580 187 677 264 δίδωμι
700 190 751 263 τῆς
774 185 904 256 άξιῶσιος

106 280 197 338 εἵνεκα
215 280 265 352 τής
284 276 315 345 ἐξ
332 277 397 351 ἐμεῦ
415 278 513 354 γῆμαι,
528 275 573 332 καὶ
592 278 642 349 τῆς
662 275 694 344 ἐξ
713 276 789 334 οἴκου
803 274 905 351 άποδη·

105 366 179 443 μίης·
200 368 239 443 τῷ
252 364 281 422 δέ
293 361 484 438 Ἀλκμαίωνος
494 363 641 440 Μεγακλέϊ
654 367 743 441 ἐγγυῶ
757 363 843 420 παῖδα
855 362 907 437 τήν

106 452 176 528 ἐμήν
189 450 368 531 Ἀγαρίστην,
384 447 496 524 νόμοισι
510 452 585 507 τοῖσι
598 447 775 523 Ἀθηναίων·”
817 450 906 525 φαμέ-

106 566 155 600 νου
179 540 208 598 δέ
233 536 388 618 ἐγγυᾶσθαι
409 536 582 616 Μεγακλέος,
605 534 754 611 ἐκεκύρωτο
778 535 794 593 ὁ
817 534 907 614 γάμος

107 627 284 686 Κλεισθένεϊ.

148 713 238 790 Ἀμφὶ
267 714 319 788 μέν
349 711 456 786 κρίσιος
483 713 538 770 τῶν
565 709 734 787 μνηστήρων
760 710 949 769 τοσαῦτα131

109 801 224 881 ἐγένετο,
250 801 296 859 καὶ
320 798 390 858 οὕτω
414 798 630 875 Ἀλκμαιωνίδαι
657 797 829 873 ἐβώσθησαν
854 795 906 858 οἷνιὶ

108 887 160 963 τήν
184 888 325 947 Ἐλλάδα·
356 884 461 946 τούτων
489 886 519 944 δὲ
545 885 778 961 συνοικησάντων,
802 884 907 964 γίνεται

110 977 283 1051 Κλεισθένης
305 1001 336 1034 τε
360 974 376 1034 ό
397 974 447 1037 τάς
467 973 560 1050 φυλάς
583 974 628 1031 καὶ
648 972 701 1048 τήν
721 973 908 1049 δημοκρατίην

109 1063 283 1140 Ἀθηναίοισι
297 1062 484 1138 καταστήσας,
508 1063 577 1139 ἔχων
599 1061 632 1120 τό
655 1059 759 1136 οὕνομα
780 1059 836 1119 άπδ
857 1063 908 1120 τοῦ

109 1152 321 1230 μητροπάτορος
344 1154 394 1209 τοῦ
418 1150 576 1214 Σικυωνίου·
598 1146 678 1211 οὗτός
697 1175 729 1208 τε
749 1148 783 1224 δή
803 1149 908 1229 γίνεται

110 1240 263 1320 Μεγακλέι,
291 1239 337 1297 καὶ
359 1236 555 1315 Ἱπποκράτης.
596 1243 627 1296 ἐκ
651 1236 681 1294 δέ
702 1234 907 1312 Ἱπποκράτεος,

110 1329 278 1407 Μεγακλέης
290 1352 322 1386 τε
341 1325 437 1400 ἄλλος,
452 1325 498 1384 καὶ
510 1324 666 1406 Ἀγαρίστη
685 1322 770 1399 άλλη,
784 1321 840 1383 άπό
851 1327 909 1397 ιτής

112 1416 299 1476 Κλεισθένεος
310 1413 480 1493 Ἀγαρίστης
501 1414 606 1491 ἔχουσα
623 1411 656 1471 τό
675 1408 829 1487 ούνομα·”ή
845 1435 909 1476 ουν-

114 1499 255 1573 οικήσασά
276 1526 307 1558 τε
326 1501 478 1578 Ξανθίππῳ
500 1504 538 1579 τῷ
557 1499 725 1577 Ἀρίφρονος
747 1497 793 1556 καὶ
814 1499 910 1577 ἔγκυος

115 1587 200 1642 ἐοῦσα
214 1585 267 1643 εἶδε
281 1585 346 1662 ὄψιν
359 1590 388 1644 ἐν
400 1589 439 1663 τῷ
450 1585 534 1665 ὕπνῳ·
549 1586 639 1646 ἐδόκεε
653 1586 682 1644 δέ
696 1586 797 1646 λέοντα
810 1589 908 1646 τεκεῖν·

115 1670 161 1727 καὶ
172 1669 232 1747 μετ’
245 1671 344 1752 ὀλίγας
356 1670 461 1748 ήμέρας
473 1674 558 1732 τίκτει
571 1675 713 1752 Περικλέα
726 1674 888 1752 Ξανθίππῳ.

155 1757 236 1818 Μετὰ
249 1758 279 1817 δέ
291 1758 324 1817 τό
337 1763 367 1818 ἐν
376 1760 530 1835 Μαραθῶνι
539 1765 635 1839 τρῶμα
648 1763 804 1842 γενόμενον,
814 1766 888 1820 Μιλ·
900 1764 957 1821 132

113 1845 208 1922 τιάδης
231 1848 277 1905 καὶ
297 1846 433 1924 πρότερον
455 1845 617 1926 εὐδοκιμέων
638 1849 715 1926 παροδ
736 1850 911 1926 Ἀθηναίοισι

113 1933 177 1994 τότε
196 1938 311 2012 μᾶλλον
326 1933 434 2004 αὔξετο·
455 1939 573 2011 αἰτήσας
588 1936 617 1995 δὲ
635 1938 698 2000 νέας
718 1938 911 2014 ἐβδομήκοντα

115 2022 160 2081 καὶ
181 2021 316 2101 στρατιήν
336 2049 368 2083 τε
390 2023 436 2082 καὶ
456 2023 588 2102 χρήματα
605 2024 670 2086 τούς
689 2022 859 2099 Ἀθηναίους,
879 2025 910 2084 οὔ

114 2110 226 2188 φράσας
253 2118 309 2187 σφι
332 2110 375 2170 ἐπ’
398 2111 433 2187 ἣν
456 2110 682 2189 ἐπιστρατεύεται
708 2110 809 2189 χώρην,
834 2110 912 2170 άλλοῖ

114 2200 170 2274 φάς
188 2199 286 2263 αύτούς
309 2203 521 2259 καταπλουτιεῖν
541 2199 575 2274 ἦν
594 2202 620 2257 οἱ
643 2198 769 2257 ἕπωνται·
792 2200 837 2256 ἐπὶ
855 2199 910 2279 γάρ

113 2287 205 2365 χώρην
220 2288 350 2364 τοιαύτην
363 2287 398 2364 δή
410 2313 472 2347 τινα
486 2286 560 2356 ἄξειν
574 2287 638 2346 ὅθεν
651 2286 760 2366 χρυσόν
781 2285 912 2351 εὐπετέως

114 2372 238 2449 άφθονον
260 2377 394 2435 οἴσονται·
416 2377 506 2455 λέγων
526 2379 651 2443 τοιαῦτα,
674 2376 747 2434 αἴτεε
767 2373 818 2438 τάς
839 2377 911 2439 νέας

113 2459 257 2536 Ἀθηναῖοι
270 2462 299 2521 δέ
308 2462 434 2522 τούτοισι
448 2461 611 2538 ἐπαρθέντες
623 2463 791 2539 παρέδοσαν.
833 2469 892 2522 Πα-
902 2465 958 2523 133

114 2548 250 2624 ραλαβῶν
271 2549 300 2607 δέ
320 2549 336 2608 ό
355 2549 512 2625 Μιλτιάδης
532 2548 584 2624 τήν
606 2551 740 2626 στρατιήν
762 2552 844 2609 ἔπλεε
865 2552 911 2610 ἐπὶ

115 2634 221 2711 Πάρον,
235 2635 381 2712 πρόφασιν
398 2639 468 2716 ἔχων
488 2636 523 2699 ῶς
543 2640 570 2696 οἱ
583 2635 687 2714 Πάριοι
701 2637 827 2715 ύπῆρξαν
844 2639 911 2716 πρό·

114 2748 189 2800 τεροι
210 2723 425 2800 στρατευόμενοι
447 2725 553 2802 τριήρεϊ
572 2729 599 2788 ἐς
619 2726 781 2802 Μαραθῶνα
799 2726 857 2804 ἅμα
874 2730 912 2804 τῷ

116 2812 225 2891 Πέρση.
268 2813 430 2894 (τοῦτομὲν
450 2813 484 2889 δή
504 2812 659 2891 πρόσχημα
675 2811 763 2893 λόγου
776 2812 820 2888 ἦν·
841 2812 911 2890 άτάρ

115 2925 176 2958 τινα
189 2901 235 2960 καὶ
249 2903 362 2982 ἔγκατον
376 2901 433 2981 εἶχε
445 2905 522 2962 τοῖσι
535 2901 670 2978 Παρίοισι
685 2899 731 2959 διὰ
744 2900 913 2981 Λυσαγόρεα

115 2987 164 3047 τόν
184 2990 294 3063 Τισίεω,
321 2989 401 3050 ε’όντα
422 2991 503 3072 γένος
525 2988 646 3067 Πάριον,
667 2986 849 3060 &amm
870 3014 917 3059 ῳυι

113 3073 183 3150 πρδς
196 3075 333 3158 Ὑδάρνεα
349 3078 400 3143 τδν
413 3079 564 3162 Πέρσηνλ
607 3071 883 3150 άπικέιῳευοςλῒεές
893 3067 949 3165 {w

106 3160 193 3223 ἔπλεε
208 3164 226 3226 ὅ
239 3170 413 3252 Μιλτιάδης
433 3177 472 3255 τῇ
492 3173 627 3252 στρατιῇ
640 3156 990 3242 'twoh'offlffimfw

98 3255 336 3333 Καταλημένθυς
355 3263 444 3330 ἐντὸς
463 3264 602 3344 τείχεος
626 3253 683 3318 καλ
694 3241 868 3314 'm'qxwv
896 3235 1008 3290 ΨΜ
