2024 3450
78 107 186 171 ιι-εο]
389 111 576 156 κκκκιοιιιι.
829 109 876 156 305

76 186 111 260 δή
126 186 280 265 φεύγοντας
294 187 339 244 καὶ
352 185 457 246 στάσιν
470 187 648 250 ἐκλείποντας
660 187 746 263 ύμέας
759 187 876 264 εἴδομεν,

76 278 106 333 ἐν
117 273 296 351 Ἀθηναίοισί
305 299 336 332 τε
349 273 400 349 τήν
412 273 567 352 πρόπειραν
579 276 764 351 ποιευμένους,
778 273 878 338 αύτούς

75 387 107 420 τε
120 361 199 422 α’ντία
212 361 319 421 δούλων
337 365 392 421 τῶν
411 361 551 438 ἡμετέρων
567 363 768 438 τασσομένους·
788 367 877 423 ταῦτα

75 448 201 525 ου’δαμοῖς
214 448 319 526 ἀνδρῶν
333 447 445 529 α’γαθῶν
459 450 536 528 ἔργα·
557 447 634 506 ἀλλὰ
647 452 784 508 πλεῖστον
799 449 833 525 δή
848 455 877 510 ἐν
949 501 950 504 ,

75 535 139 611 ύμῖν
160 537 346 614 ἐψεύσθημεν.
387 535 606 612 προσδεκόμενοι
626 533 680 614 γὰρ
698 533 767 593 κατὰ
787 537 875 607 κλέος,

75 622 110 686 ὦς
129 624 163 700 δή
181 625 307 701 πέμψετε
326 628 353 686 ἐς
369 623 457 700 ήμέας
475 623 580 699 κήρυκα
598 621 819 699 προκαλεύμενοι
831 624 877 682 καὶ

74 711 246 788 βουλόμενοι
280 709 409 786 μούνοισι
443 710 576 788 Πέρσησι
609 708 760 786 μάχεσθαι,
787 708 877 785 ἅρτιοι

75 797 166 860 ἐόντες
183 798 285 858 ποιέειν
303 803 400 870 ταῦτα,
417 797 495 856 οὐδὲν
512 801 622 856 τοιοῦτο
640 796 774 876 λέγοντας
792 795 877 872 ύμέας

74 884 197 960 εὕρομεν,
211 883 289 944 ἅλλοὶ
302 884 485 948 πτώσσοντας
497 888 620 961 μᾶλλον.
661 888 710 943 νῦν
730 883 766 943 ὧν
781 883 876 960 ἐπειδή

74 971 124 1029 οὐκ
148 972 224 1049 ύμεῖς
250 971 352 1050 ήρξατε
378 972 478 1033 τούτου
504 972 679 1053 τοῦλόγου,
703 972 768 1031 ἀλλ’
795 971 875 1048 ἡμεῖς

73 1058 204 1137 ἄρχομεν,
217 1061 248 1119 τί
259 1060 292 1137 δή
307 1059 339 1121 ού
352 1061 407 1139 πρὸ
424 1064 477 1138 μὲν
488 1065 544 1121 τῶν
556 1060 701 1137 Ἑλλήνων
716 1060 801 1138 ὑμεῖς,
816 1062 879 1131 ἐπεί

72 1172 104 1205 τε
121 1148 275 1219 δεδόξωσθε
292 1149 361 1209 εῖναι
381 1149 500 1228 ἄριστοι,
519 1150 574 1227 πρό
594 1150 624 1209 δὲ
644 1153 698 1209 τῶν
718 1148 875 1227 βαρβάρων

72 1233 159 1311 ήμεῖς,
173 1237 232 1296 ἱσοι
245 1238 316 1315 πρός
329 1240 409 1302 ἱσους
424 1237 543 1314 ἀριθμόν
556 1237 759 1315 μαχεσόμεθα;
782 1236 828 1293 καὶ
841 1233 875 1310 ἢν

71 1326 123 1398 μὲν
136 1324 218 1403 δοκέη
232 1327 278 1384 καὶ
294 1325 359 1387 τούς
376 1324 482 1387 ἄλλους
499 1323 652 1401 μάχεσθαι,
667 1326 693 1380 οἱ
709 1321 732 1379 δ’
746 1321 784 1380 ὧν
796 1323 873 1396 μετέ-

72 1433 154 1468 πειτα
171 1412 323 1488 μαχέσθων
340 1410 463 1486 ὕστεροι·
484 1415 509 1468 εἰ
526 1410 556 1467 δέ
575 1409 620 1467 καὶ
638 1407 678 1484 μή
696 1408 796 1476 δοκέοι,
810 1407 876 1466 αλλ’

71 1494 160 1570 ἡμέας
181 1496 299 1572 μούνους
322 1495 459 1574 ἀποχρᾶν,
479 1495 559 1572 ήμεῖς
583 1495 612 1553 δέ
635 1494 873 1572 διαμαχεσόμεθα·

71 1578 198 1660 ὁκότεροι
216 1582 239 1642 δ’
258 1581 292 1643 ἂν
308 1582 400 1658 ἡμέων
418 1583 564 1658 νικήσωσι,
582 1580 696 1645 τούτους
714 1585 752 1660 τῷ
774 1581 875 1642 ἅπαντι

71 1669 252 1749 στρατοπέδῳ
278 1667 381 1730 νικᾶν.”
421 1669 456 1729 ‘0
476 1673 536 1747 μὲν,
557 1673 645 1729 ταῦτα
665 1669 744 1733 εἴπας
770 1695 800 1729 τε
827 1670 872 1728 καὶ
883 1674 919 1731 49

72 1759 197 1836 ἐπισχεῖν
222 1758 333 1836 χρόνον,
361 1756 396 1822 ὥς
425 1761 452 1817 οἱ
482 1756 569 1820 οὐδεὶς
599 1756 677 1817 ούδέν
705 1756 873 1834 ιὶπεκρίνετο,

71 1843 279 1906 ἀπαλλάσσετο
299 1844 401 1905 ὀπίσω·
436 1844 566 1905 ἀπελθών
586 1844 616 1903 δέ
640 1844 773 1922 ἐσήμαινε
794 1852 873 1922 Μαρ·

70 1931 152 2012 δονίῳ
171 1932 208 1993 r&
229 1932 437 2008 καταλαβόντα·
463 1932 479 1993 ὁ
502 1933 531 1991 δὲ
553 1931 706 2011 περιχαρής
727 1933 874 2013 γενόμενος

72 2019 118 2078 καὶ
135 2020 263 2097 ἐπαρθεὶς
279 2024 376 2099 ψυχρῇ
391 2021 459 2100 νίκῃ,
477 2024 563 2094 ἐπῆκε
580 2019 633 2093 τήν
652 2020 738 2078 ῖππον
751 2020 797 2076 ἐπὶ
810 2019 874 2080 τούς

70 2105 219 2184 Έλληνας·
251 2107 286 2172 αἱς
306 2107 338 2167 δὲ
362 2107 510 2184 ἐπήλασαν
534 2110 561 2166 οἱ
585 2105 709 2176 ἱππόται,
735 2106 874 2165 ἐσινέοντο

70 2199 168 2256 πᾶσαν
180 2195 232 2272 τήν
243 2196 381 2274 στρατιήν
399 2194 451 2272 τήν
466 2195 637 2272 Ἑλληνικήν
653 2194 874 2265 ἐσακοντίζοντές

70 2309 101 2342 τε
122 2284 168 2343 καὶ
188 2284 353 2355 τοξεύοντες,
372 2283 444 2344 ὥστε
468 2282 651 2353 ἱπποτοξόται
673 2309 704 2344 τε
722 2281 812 2345 ἐόντες
828 2283 874 2342 καὶ

70 2374 286 2448 προσφέρεσθαι
298 2371 409 2450 ἅποροι·
422 2371 474 2448 τήν
483 2399 513 2433 τε
524 2372 626 2450 κρήνην
636 2372 688 2449 τήν
698 2372 872 2453 Γαργαφίην,

70 2457 117 2515 ἀπ’
134 2457 166 2532 ἦς
187 2458 315 2536 ὑδρεύετο
335 2464 391 2520 πᾶν
409 2459 442 2519 τό
462 2459 624 2537 στράτευμα
644 2460 676 2518 τό
696 2459 871 2536 Ἑλληνικόν,

70 2544 259 2620 συνετάραξαν
286 2547 333 2604 καὶ
356 2548 530 2625 συνέχωσαν.
571 2546 646 2621 ἦσαν
671 2550 722 2624 μὲν
745 2547 782 2607 ὧν
803 2547 873 2607 κατιὶ

69 2630 122 2706 τήν
141 2630 243 2708 κρήνην
256 2633 470 2709 Λακεδαιμόνιοι
487 2635 650 2714 τεταγμένοι
668 2640 775 2711 μοῦνοι·
796 2639 873 2695 τοῖσι

70 2718 100 2778 δὲ
117 2717 235 2778 ἄλλοισι
247 2717 375 2794 Ἕλλησι
388 2719 406 2794 ή
419 2723 471 2796 μὲν
492 2719 578 2798 κρήνη
592 2713 690 2797 πρόσω
709 2723 822 2803 ἐγίνετο,
838 2722 874 2786 αἱς

71 2807 186 2867 ἐκαστοι
213 2808 310 2885 ἔτυχον
334 2808 506 2887 τεταγμένοι,
529 2807 546 2867 ό
566 2807 597 2866 δὲ
617 2808 747 2874 Ἀσωπός
770 2810 870 2890 α’γχοιῖ·

70 2895 230 2973 ἐρυκόμενοι
251 2895 281 2954 δέ
300 2892 358 2953 α’πδ
379 2897 429 2953 τοῦ
444 2893 585 2969 Ἀσωποῦ,
605 2896 674 2955 οὕτω
696 2897 730 2972 δή
754 2898 800 2955 ἐπὶ
820 2896 873 2972 τήν

71 2982 174 3059 κρήνην
184 2983 319 3059 ἐφοίτεον·
335 2980 391 3042 ἅπδ
405 2985 455 3040 τοῦ
468 2987 596 3059 ποταμοῦ
609 2982 663 3063 γάρ
677 2989 734 3058 σφι
747 2982 797 3042 ούκ
808 2983 872 3058 ἐξήν

69 3067 142 3145 ὕδωρ
157 3071 319 3146 φορέεσθαι,
332 3069 387 3129 ύπό
400 3095 431 3128 τε
444 3073 498 3129 ταῖν
512 3070 616 3128 ἱππέων
630 3070 675 3147 καὶ
688 3069 877 3145 τοξευμάτων.

112 3154 219 3216 Τούτου
240 3157 272 3216 δὲ
287 3156 417 3218 τοιούτου
440 3157 604 3241 γινομένου,
624 3160 655 3215 οἱ
672 3153 955 3223 τωυῖλὸάιυςυνῗῦἢ

61 3244 229 3325 στρατηγοὶ,
258 3244 310 3306 ἅτε
337 3251 391 3308 τοῦ
428 3274 462 3310 τε
491 3246 600 3308 ὕδατος
638 3241 848 3319 στερηδεὶαας
877 3235 938 3298 '¹35
