2024 3450
133 105 171 162 ἰι
395 104 403 119 ·
447 111 629 159 ἰιιοιοτοτ
875 111 938 175 [τι.

142 190 187 246 ε’πὶ
210 178 299 248 πλέον
322 190 431 268 ἐγένετο
453 188 557 248 τούτων
581 193 608 251 ἐς
632 190 720 251 νεῖκος
743 188 830 265 φέρον
848 187 940 258 Ἴωσι,

77 340 85 357 .
142 273 219 332 ἀλλά
232 274 268 334 τά
285 301 298 333 ε
318 277 370 352 μὲν
387 274 516 352 χρήσιμα
537 273 624 352 κάρτα
644 278 720 340 τοῖσι
730 274 812 333 Ἴωσι
832 277 940 355 ἐγένετο

142 361 241 421 τούτου
254 366 306 421 τοῦ
320 363 401 425 ἔτεος.
436 361 627 438 Ἀρταφέρνης
640 361 656 420 ὁ
670 361 792 436 Σαρδίων
806 360 940 440 ὕπαρχος,

142 448 393 526 μεταπεμψάμενος
410 449 547 528 ἀγγέλους
561 454 590 506 ε’κ
603 453 658 508 τῶν
673 449 780 507 πολίων
798 448 942 523 ’συνθήκας

143 537 232 611 σφίσι
253 535 363 616 αὐτοῖσι
381 536 446 598 τούς
459 534 556 598 Ἴωνας
573 534 715 615 ήνάγκασε
728 535 882 605 ποιέεσθαι,
898 537 942 595 ἵνα

143 622 278 703 δοσίδικοι
292 624 345 683 εἶεν
359 625 404 682 καὶ
417 622 457 699 μή
467 621 610 697 ἀλλήλους
621 622 733 699 φέροιέν
740 647 770 680 τε
781 621 827 678 καὶ
836 621 941 701 ἄγοιεν.

142 711 230 770 ταῦτά
252 717 284 770 τε
307 711 450 790 ἠνάγκασε
473 709 576 768 ποιέειν
597 709 643 767 καὶ
661 707 711 771 ταὶς
731 707 822 787 χώρας
844 710 942 783 σφέων

143 797 286 874 μετρήσας
316 797 385 856 κατά
414 794 719 876 παρασάγγας-τούς
750 794 883 854 καλέουσι
916 801 942 856 οἱ

144 885 256 959 Πέρσαι
282 883 317 943 τοὶ
342 882 491 959 τριήκοντα
518 882 738 952 στάδια-κατά
765 882 798 958 δή
814 882 943 946 ’τούτους

143 970 286 1045 μετρήσας
308 969 413 1046 φόρους
426 970 512 1038 Ιέταξε
537 969 689 1039 ἑκάστοισι,
710 970 736 1028 οἳ
751 968 828 1035 ,κατά
848 970 943 1048 χώρην

144 1056 318 1115 διατελέουσι
340 1061 448 1135 ἔχοντες
471 1061 500 1114 ε’κ
521 1056 620 1116 τούτου
641 1062 691 1116 τοῦ
709 1056 811 1135 χρόνου
830 1058 883 1115 αἰεὶ
903 1059 943 1117 ἔτι

145 1142 190 1199 καὶ
204 1147 231 1205 ἐς
245 1145 301 1219 ἐμὲ,
317 1142 352 1205 ὥς
366 1142 527 1222 ἐτάχθησαν
545 1143 576 1212 ἐξ
592 1143 804 1221 Ἀρταφέρνεος·
826 1143 943 1221 ε’τάχθη-

144 1254 199 1288 σαν
213 1229 242 1287 δὲ
255 1229 359 1308 σχεδόν
374 1229 443 1289 κατά
457 1229 493 1290 τά
508 1229 577 1290 αὐτά
594 1230 630 1290 τά
649 1232 694 1290 καὶ
707 1230 843 1308 πρότερον
856 1231 942 1308 εἶχον.

96 1317 136 1375 43
145 1317 205 1375 Καί
216 1324 272 1392 σφι
285 1323 372 1376 ταῦτα
392 1321 443 1395 μὲν
465 1321 588 1395 εἰρηναῖα
607 1317 651 1394 ἧν.
693 1317 751 1394 ἅμα
770 1318 799 1376 δὲ
817 1322 856 1397 τῷ
874 1319 941 1395 έαρι,

143 1408 198 1463 τῶν
211 1404 306 1463 ἄλλων
323 1406 553 1483 καταλελυμένων
573 1410 738 1486 στρατηγῶν
752 1410 782 1463 ἐκ
794 1396 944 1480 βασιλέοςζ

145 1491 302 1568 Μαρδόνιος
330 1492 346 1553 ὁ
370 1492 521 1571 Γωβρύεω,
535 1494 683 1570 κατέβαινε
709 1493 755 1551 ε’πὶ
775 1492 941 1562 θάλασσαν,

144 1579 265 1655 στρατόν
293 1581 403 1641 πολλδν
426 1584 477 1658 μὲν
504 1583 591 1659 κάρτα
616 1580 701 1652 πεζδν
727 1579 785 1657 ἅμα
807 1578 943 1658 α’γόμενος

143 1666 254 1727 πολλὰν
270 1667 299 1726 δὲ
317 1669 454 1738 ναυτικᾶν,
469 1669 580 1745 ἡλικίην
593 1695 624 1729 τε
638 1670 698 1731 νέος
712 1668 771 1736 εἰδν,
786 1666 831 1725 καὶ
844 1667 944 1725 νεωστὶ

143 1754 307 1833 γεγαμηκῶς
333 1757 473 1831 βασιλέος
496 1758 616 1833 Δαρείου
644 1756 781 1835 θυγατέρα
806 1753 943 1832 Ἀρταζά

145 1864 243 1913 στρην.
284 1839 359 1918 ἄγων
380 1841 410 1898 δὲ
430 1840 480 1900 τὸν
502 1843 624 1918 στρατόν
643 1847 742 1900 τοῦτον
756 1841 771 1900 ὁ
785 1841 944 1917 Μαρδόνιος

144 1923 248 1983 ἐπείτε
263 1925 370 2004 ε’γένετο
385 1930 414 1984 έν
426 1930 462 2002 τῇ
476 1927 601 2002 Κιλικίῃ,
616 1925 698 1988 αὖτός
711 1930 762 2001 μὲν
776 1929 877 2002 ἐπιβάς
898 1929 944 1986 ε’πὶ

145 2009 205 2073 νεδς
225 2011 366 2087 ἐκομίζετο
380 2010 440 2087 ἅμα
452 2013 520 2090 τῇσι
538 2008 646 2087 ἄλλῃσι
659 2012 750 2085 νηυσὶ,
765 2014 900 2087 στρατιήν
915 2015 944 2073 δὲ

144 2098 196 2174 τήν
211 2098 298 2174 πεζήν
315 2095 401 2157 ἄλλοι
414 2097 548 2177 ἡγεμόνες
560 2095 631 2176 ἦγον
641 2098 690 2173 ἐ’πὶ
702 2095 753 2157 τδν
766 2096 944 2177 Ἑλλήσπον-

145 2211 204 2245 τον.
246 2186 281 2248 ὥς
294 2186 324 2243 δὲ
338 2185 507 2260 παραπλέων
526 2183 578 2258 τήν
591 2182 691 2261 Ἀσίην
705 2184 820 2263 α’πίκετο
834 2185 849 2245 ὁ
863 2192 944 2265 Μαρ-

145 2271 234 2335 δάνιος
250 2277 278 2333 ε’ς
297 2272 349 2346 τήν
361 2269 475 2345 Ἰωνίην,
491 2271 609 2330 ἐνθαῦτα
629 2274 765 2352 μέγιστον
782 2274 861 2349 θῶμα
878 2275 945 2351 ε’ρέω

144 2361 221 2417 τοῖσι
238 2357 278 2433 μή
300 2357 530 2434 ἀποδεκομένοισι
550 2357 695 2434 Ἑλλήνων
715 2360 848 2436 Περσέων
867 2364 944 2419 τοῖσι

146 2443 215 2502 ἑπτά
241 2443 359 2504 Ὀτάνεα
385 2444 497 2526 γνώμην
521 2445 711 2516 ἀποδέξασθαι
735 2446 770 2509 οἷς
793 2446 877 2525 χρεὸν
901 2449 944 2522 εἴη

145 2530 383 2608 δημοκρατέεσθαι
403 2533 528 2609 Πέρσας·
555 2532 619 2596 τούς
642 2532 696 2612 γὰρ
720 2533 866 2610 τυράννους
888 2538 945 2595 τῶν

146 2615 243 2676 Ἰιίνων
264 2620 445 2684 καταπαύσας
465 2621 572 2684 πάντας
592 2619 608 2680 ά
627 2621 785 2696 Μαρδόνιος
807 2621 943 2697 δημοκρα-

144 2704 205 2766 τίας
228 2707 349 2766 κατίστα
372 2713 399 2771 ἐς
421 2709 471 2771 τοὶς
494 2707 606 2770 πόλιας.
647 2713 735 2767 ταῦτα
758 2708 787 2770 δὲ
800 2707 943 2783 ποιήσας,

144 2789 275 2871 ήπείγετο
298 2799 325 2856 ἐς
345 2793 394 2854 τᾶν
414 2794 639 2870 Ἑλλήσποντον.
682 2794 716 2856 ὦς
738 2794 767 2852 δὲ
786 2794 944 2872 συνελέχθη

144 2881 197 2954 μὲν
216 2883 313 2958 χρῆμα
334 2880 445 2941 πολλάν
467 2886 542 2952 νεῶν,
565 2883 723 2959 συνελέχθη
745 2882 774 2940 δὲ
796 2883 842 2940 καὶ
862 2880 944 2951 πεζάς

110 2964 116 2973 ’
141 2966 255 3034 πολλάς
268 2968 400 3046 στρατός,
415 2968 563 3043 διαβάντες
575 2973 643 3045 τῇσι
662 2969 743 3044 νηυσὶ
757 2968 806 3028 τᾶν
818 2967 944 3042 Ἑλλήσ-

124 3075 236 3120 ποντον
253 3057 429 3135 ἐπορεύοντο
443 3057 492 3119 διαὶ
505 3061 556 3135 τῆς
568 3055 716 3135 Εὐρώπης·
739 3055 901 3130 ἒπορείιοντα
917 3054 951 3110 δε

13 3196 23 3219 ν
55 3132 100 3187 44
107 3140 170 3197 ἐπί
179 3167 216 3201 τε
239 3144 394 3228 Ἐρέτριαν
417 3148 466 3211 καὶ
483 3147 624 3226 Ἀθήνας.
672 3143 763 3204 Mum
783 3142 832 3215 μὶν
854 3137 890 3194 ιὐν
912 3143 969 3207 ‹th

93 3226 273 3309 ⁷W⁰WM
300 3238 387 3316 ἦσαν
412 3246 468 3305 τοῦ
496 3239 624 3303 στόλου·
652 3233 730 3309 drap
750 3233 779 3286 ἒν
798 3224 857 3298 νὸΨ
871 3223 990 3304 ἶλῦγῖεῖ
