2024 3450
87 108 228 175 ιιι-αι]
393 109 577 159 nomm,
835 107 883 155 ιιι

86 190 173 250 σόντο
188 195 216 254 ἐς
232 187 282 250 τάν
301 189 402 266 ὅμιλον
418 189 615 266 διαφθαρῆναι·
635 158 841 267 Ἀριστάδημον
854 186 884 247 δὲ

88 278 309 356 λειποψυχέοντα
334 277 493 353 λειφθῆναι,
537 278 560 333 εἰ
585 276 638 352 μέν
660 301 708 336 νυν
727 274 763 351 ἦν
781 278 885 353 μοῦνον

88 361 291 441 Ἀριστόδημον
302 363 469 444 ἀλγήσαντα
480 361 677 437 ἀπονοστῆσαι
688 367 715 425 ές
725 363 857 438 Σπάρτην
866 360 885 438 ή

87 453 132 510 καὶ
151 451 222 529 ὁμοῦ
241 453 336 528 σφέων
356 451 522 529 ἀμφοτέρων
543 449 595 523 τήν
615 448 731 524 κομιδήν
745 450 885 529 γενέσθαι,

87 538 190 600 δοκέειν
205 541 274 615 ἐμοὶ,
289 539 338 598 οὐκ
352 537 386 599 ἀν
396 544 452 613 σφι
469 535 644 613 Σπαρτιήτας
660 537 743 611 μῆνιν
758 535 887 611 οὐδεμίαν

87 628 274 705 προσθέσθαι·
309 626 368 686 νυνὶ
388 626 426 694 δὲ,
447 628 497 684 τοῦ
520 628 572 700 μὲν
592 621 681 683 αὐτῶν
701 622 886 700 ἀπολομένου,

87 719 137 773 τοῦ
152 715 180 772 δὲ
194 719 244 788 τῆς
253 717 304 787 μὲν
314 712 400 788 αὐτῆς
413 712 546 791 ἐχομένου
556 710 718 788 προφάσιος
731 709 781 770 οάκ
793 711 886 787 ε’θελή-

89 827 190 862 σαντος
202 801 230 857 δὲ
241 798 437 875 ἀποθνήσκειν,
447 798 602 880 ἀναγκαίως
615 805 672 874 σφι
685 800 757 876 ἔχειν
769 797 887 876 μηνίσαι

88 887 216 967 μεγάλως
229 885 431 968 Ἀριστοδήμῳ.
474 891 510 947 Οἱ
527 887 580 964 μέν
595 913 643 947 νυν
659 886 729 946 οὕτω
743 887 935 962 σωθῆναι230

89 977 206 1056 λέγουσι
217 973 421 1052 Ἀριστόδημον
435 982 462 1039 ε’ς
473 975 612 1053 Σπάρτην,
626 976 672 1035 καὶ
686 975 730 1034 διαὶ
741 973 887 1052 πρόφασιν

89 1062 204 1138 τοιήνδε·
227 1067 253 1121 οἱ
274 1063 303 1129 δὲ
323 1060 446 1145 ἀγγελον
466 1064 631 1141 πεμφθέντα
648 1069 678 1123 ε’κ
698 1067 749 1123 τοῦ
769 1089 887 1141 στρατο-

88 1151 179 1225 πέδου,
196 1151 272 1220 ἐξεόν
289 1151 362 1232 αὐτῷ
375 1154 548 1227 καταλαβεῖν
561 1152 613 1226 τήν
626 1151 720 1229 μάχην
730 1152 886 1232 γινομένην,

89 1238 137 1297 οὐκ
158 1240 294 1316 ε’θελήσαι
316 1239 379 1298 ἀλλ’
399 1240 585 1316 ὖπομείναντα
602 1244 630 1299 ἔν
650 1241 686 1316 τῇ
705 1238 760 1316 ἀδηῖ
779 1265 887 1319 περιγε·

89 1327 195 1388 νέσθαι·
216 1328 263 1388 τὸν
281 1327 310 1385 δὲ
327 1327 502 1405 συνάγγελον
517 1324 602 1385 αὐτοῦ
615 1323 783 1400 ἀπικόμενον
797 1330 824 1386 ἐς
837 1325 888 1400 τήν

88 1413 182 1491 μάχην
202 1414 361 1474 ἀποθανεῖν.
402 1411 617 1486 Ἀπονοστήσας
637 1412 667 1469 δὲ
688 1416 715 1473 ἐς
735 1412 868 1470 Λακεδαί-
877 1415 933 1472 231

89 1526 162 1575 μονα
183 1501 199 1559 ὁ
219 1499 424 1577 Ἀριστόδημος
447 1497 551 1561 ὄνειδός
570 1523 601 1556 τε
623 1497 681 1576 εἶχε
702 1498 748 1555 καὶ
769 1497 888 1574 ἀτιμίην,

91 1586 208 1664 πάσχων
222 1586 251 1644 δὲ
265 1586 358 1645 τοιάδε
371 1585 501 1662 ἠτίμωτο·
526 1584 589 1644 οὔτε
602 1588 630 1644 οἱ
642 1589 698 1661 πῦρ
712 1584 800 1647 οὐδεὶς
812 1586 890 1646 ἔναυε

92 1673 285 1747 Σπαρτιητέων
316 1671 378 1732 οὔτε
412 1672 560 1751 διελέγετο,
594 1671 698 1735 ὄνειδός
724 1698 754 1730 τε
788 1672 846 1752 εἶχε
872 1673 889 1733 ὅ

91 1759 191 1834 τρέσας
203 1758 407 1837 Ἀριστόδημος
426 1758 608 1836 καλεόμενοςι
624 1759 689 1818 ἀλλ’
706 1758 721 1819 ὁ
739 1761 792 1837 μὲν
808 1765 837 1819 ἐν
854 1766 890 1841 τῇ

93 1851 122 1904 ε’ν
148 1851 314 1925 Πλαταιῇσι
340 1846 417 1925 μάχη
444 1846 568 1923 ἀνέλαβε
587 1852 684 1906 πᾶσαν
709 1847 762 1924 τήν
777 1853 889 1929 ἐ’πενεχ-
933 1860 937 1865 ’

93 1933 191 1999 θεῐσάν,
204 1937 230 1992 οἱ
244 1935 342 2010 αἰτίην.
383 1936 502 2016 Λέγεται
516 1936 545 1994 δὲ
559 1935 604 1993 καὶ
617 1934 707 1994 ἀλλον
720 1936 869 2013 ἀποπεμφ-
878 1939 937 1997 232

93 2022 174 2082 θέντα
188 2021 311 2104 ἄγγελον
325 2027 352 2084 ές
365 2023 530 2098 Θεσσαλίην
541 2025 597 2084 τῶν
609 2024 775 2099 τριηκοσίων
788 2023 891 2084 τούτων

91 2112 294 2191 περιγενέσθαι,
315 2113 354 2190 τῷ
381 2109 484 2187 οὔνομα
509 2110 578 2170 εἶναι
598 2111 749 2185 Παντίτην·
792 2110 892 2187 νοστή-

92 2226 181 2262 σαντα
202 2203 231 2264 δὲ
251 2205 351 2263 τοῦτον
372 2207 400 2265 ἐς
422 2199 563 2276 Σπάρτην,
592 2199 628 2262 οἷς
647 2197 777 2275 ήτίμωτο,
800 2197 889 2281 ἀπάγ-

91 2289 204 2358 ξασθαι.
396 2348 398 2352 ,

133 2381 170 2437 Οἱ
190 2378 220 2436 δὲ
240 2379 372 2454 Θηβαῖοι,
392 2379 448 2438 τῶν
468 2375 484 2436 ὁ
504 2375 672 2452 Λεοντιάδης
694 2373 940 2456 ε’στρατήγεε,233

93 2463 158 2524 τέως
177 2466 228 2538 μὲν
247 2465 392 2541 μετὰτῶν
412 2462 557 2538 Ἑλλήνων
577 2463 666 2525 ε’άντες
687 2463 826 2541 ε’μάχοντο
846 2462 892 2521 ὑπ’

94 2548 243 2628 ἀναγκαίης
263 2553 391 2630 ἐχόμενοι
414 2550 484 2627 πρός
511 2550 562 2625 τήν
582 2550 721 2625 βασιλέος
748 2549 893 2627 στρατιήν·

94 2635 130 2699 ἀς
143 2637 172 2694 δὲ
186 2635 258 2697 εἶδον
273 2639 459 2715 κατυπέρτερα
475 2642 530 2698 τῶν
551 2639 683 2713 Περσέων
703 2639 836 2718 γινόμενα
855 2636 892 2698 τοὶ

93 2722 253 2806 πρήγματα,
280 2723 350 2784 οὕτω
378 2723 411 2800 δή
438 2730 493 2787 τῶν
522 2724 576 2784 σῦν
600 2726 722 2804 Λεωνίδη
748 2724 894 2801 Ἑλλήνων

94 2815 278 2894 ἐπειγομένων
297 2814 343 2873 ἐπὶ
363 2810 413 2873 τάν
436 2811 567 2884 κολωνάν,
589 2811 812 2892 ἀποσχισθέντες
831 2811 893 2872 τού-

93 2927 154 2970 των,
178 2902 274 2980 χεῖράς
296 2928 328 2962 τε
354 2901 512 2979 προέτεινον
537 2902 582 2960 καὶ
608 2899 694 2976 ἤϊσαν
722 2900 815 2959 ἀσσον
840 2903 895 2960 τῶν

94 2989 257 3067 βαρβάρων,
281 2991 410 3071 λέγοντες
429 2988 480 3048 τάν
504 2988 698 3064 ἀληθέστατον
716 2990 772 3046 τῶν
792 2983 892 3063 λόγων,

96 3074 130 3136 ὦς
151 3077 197 3134 καὶ
216 3077 364 3153 μηδίζουσι
379 3076 424 3134 καὶ
444 3080 499 3157 γῆν
514 3102 547 3136 τε
565 3076 612 3134 καὶ
628 3076 705 3150 ἶιδωρ
719 3077 749 3131 ἐν
768 3071 920 3144 πρέπων·

95 3161 195 3221 ἔδοσαν
201 3166 335 3239 βασιλέϊ,
348 3164 406 3227 ὖπδ
427 3165 458 3226 δὲ
477 3164 642 3248 ἀναγκαίης
659 3161 804 3240 ἐχὸρενοι
818 3153 945 3252 ³⁶.QOss

78 3246 215 3316 μοπάλας
229 3251 396 3330 ἀπικοίατο,
414 3255 465 3317 καὶ
486 3254 622 3317 ἀναίτιοι
643 3249 702 3310 dm
724 3248 782 3304 τοῦ
803 3241 978 3310 ww&
