2024 3450
124 106 230 171 το-ω]
425 103 608 152 nomm.
723 90 726 95 ’
874 105 918 150 153

123 189 261 266 μαχαίρας
280 185 362 264 εἶχον.
407 189 512 261 Μαρῶν
534 184 562 241 δέ
583 183 628 241 καὶ
645 182 767 261 Κόλχων
782 181 852 260 ἦρχε
865 190 919 240 Φα-

122 275 257 351 ρανδάτης
271 273 287 332 ὁ
301 273 449 334 Τεάσπιος.
484 270 644 347 Ἀλαρόδιοι
663 271 692 328 δὲ
707 271 751 328 καὶ
766 270 920 347 Σάσπειρες

123 364 244 440 κατάπερ
265 361 377 440 Κόλχοι
399 361 567 436 ὁπλισμένοι
589 359 795 434 ἐστρατεύοντο·
817 360 919 419 τούτων

122 451 151 509 δὲ
165 451 327 512 Μασίστιος
341 449 356 508 ό
372 450 540 526 Σιρομίτρεω
554 448 632 526 ἦρχε.
670 448 711 504 Τά
725 447 753 504 δὲ
767 449 917 522 νησιωτικά
928 451 967 508 80

122 539 200 599 ἔθνεα
213 538 248 598 τά
264 544 293 596 ἐκ
309 542 359 613 τῆς
371 537 506 614 Ἐρυθρῆς
520 534 669 609 θαλάσσης
685 534 812 610 ἑπόμενα,
828 537 919 610 νήσων

121 626 150 684 δὲ
165 632 193 686 ἐν
205 633 273 706 τῇσι
286 627 350 689 τούς
361 624 560 686 άνασπάστους
575 625 759 699 καλεομένους
775 624 920 692 κατοικίζει
971 629 975 634 ’

120 714 267 789 βασιλεύς,
282 713 428 794 ἀγχοτάτω
446 718 501 773 τῶν
515 713 648 788 Μηδικῶν
670 713 746 790 εἶχον
767 710 873 784 ἐσθῆτά
889 738 919 770 τε

121 803 167 860 καὶ
185 802 270 861 ὅπλα.
291 803 395 861 τούτων
413 803 442 860 δὲ
462 807 516 861 τῶν
538 802 692 877 νησιωτέων
706 801 776 878 ἦρχε
790 799 917 875 Μαρδόν-

120 916 169 964 της
190 890 352 970 όΒαγαίου,
367 890 396 952 ὃς
417 896 445 949 ἐν
464 890 587 968 Μυκάλη
607 889 785 970 στρατηγέων
806 887 919 966 δευτέρῳ

121 979 174 1036 ἐτεὶΙ
194 978 297 1038 τούτων
318 978 482 1054 ἐτελεύτησε
503 985 531 1038 ἐν
552 984 586 1057 τῇ
607 979 694 1057 μάχη.

160 1071 254 1125 Ταῦτα
271 1066 305 1141 ἦν
318 1066 353 1126 τά
368 1065 425 1126 κατ’
439 1067 553 1144 ήπεὶρον
567 1067 773 1145 στρατευόμενά
785 1092 816 1127 τε
831 1067 916 1135 ἔθνεα,
928 1067 964 1124 81

120 1157 165 1214 καὶ
178 1156 334 1236 τεταγμένα
349 1160 375 1217 ἐς
387 1155 420 1215 τό
435 1156 526 1225 πεζόν.
569 1155 667 1214 τούτου
683 1156 718 1214 ὧν
732 1161 781 1215 τοῦ
796 1158 918 1230 στρατοῦ

118 1243 206 1322 ἦρχον
226 1243 301 1320 οὗτοι
323 1244 402 1320 οἵπερ
422 1246 548 1320 εἰρέαται·
572 1243 616 1300 καὶ
635 1248 660 1301 οἱ
679 1242 852 1310 διατάξαντες
874 1242 918 1299 καὶ

120 1332 355 1409 ἐξαριθμήσαντες
378 1329 454 1390 οὗτοι
477 1331 559 1405 ἦσαν,
584 1331 628 1386 καὶ
650 1331 799 1409 χιλιάρχας
821 1354 851 1386 τε
874 1329 920 1386 καὶ

119 1421 273 1496 μυριάρχας
287 1418 478 1484 ἀποδέξαντες·
501 1417 703 1494 ἑκατοντάρχας
718 1418 746 1474 δὲ
761 1416 806 1472 καὶ
826 1414 918 1491 δεκάρ-

119 1532 171 1582 χας
190 1509 216 1563 οἱ
234 1505 393 1580 μυριάρχαι.
435 1505 537 1562 τελέων
558 1504 586 1560 δὲ
608 1505 653 1559 καὶ
673 1505 770 1563 ἐθνέων
784 1502 857 1577 ἦσαν
871 1501 918 1559 άλ-

120 1596 166 1649 λοι
187 1591 369 1666 σημάντορες·
391 1590 465 1665 ἦσαν
479 1593 530 1666 μὲν
545 1589 578 1665 δή
594 1589 678 1659 οὗτοι,
694 1593 772 1667 οἵπερ
793 1592 918 1666 εἰρέαται,

120 1678 259 1757 άρχοντες.
301 1676 508 1758 Ἐστρατήγεον
524 1679 552 1735 δὲ
566 1677 669 1736 τούτων
681 1705 712 1736 τε
727 1679 834 1737 καὶτοῦ
849 1678 919 1754 σύμ·
930 1680 967 1737 82

120 1765 227 1828 παντος
236 1769 358 1841 στρατοῦ
371 1770 420 1824 τοῦ
434 1768 518 1835 πεζοῦ
529 1765 687 1842 Μαρδόνιός
700 1793 730 1827 τε
745 1767 760 1827 ό
774 1766 919 1844 Γωβρύεω,

121 1855 165 1912 καὶ
182 1854 404 1931 Τριτανταίχμης
417 1853 432 1913 ὁ
446 1854 623 1931 Ἀρταβάνου
643 1861 693 1914 τοῦ
711 1856 823 1938 γνώμην
842 1856 919 1932 θεμέ-

120 1968 167 2000 νου
186 1942 227 2018 μή
249 1941 452 2017 στρατεύεσθαι
467 1943 512 2001 ἐπὶ
526 1943 576 2018 τήν
589 1942 724 2014 Ἑλλάδα,
739 1946 785 2003 καὶ
800 1944 920 2021 Σμερδο-

118 2032 201 2107 μένης
223 2029 541 2108 ὁὈτάνεω-Δαρείου
563 2031 719 2109 ἀμφότεροι
740 2031 822 2092 οὗτοι
839 2030 918 2090 άδελ-

119 2123 194 2192 φεῶν
208 2118 312 2187 παῖδες,
323 2118 413 2197 Ξέρξη
428 2120 457 2178 δὲ
472 2119 594 2201 ἐγίνοντο
616 2119 812 2197 ἀνεψιοὶ-καὶ
825 2121 920 2179 Μασί-

118 2233 188 2284 στης
204 2208 219 2268 ὁ
235 2208 354 2284 Δαρείου
368 2235 399 2267 τε
414 2209 459 2266 καὶ
472 2207 615 2284 Ἀτόσσης
635 2211 708 2279 παῖς,
724 2209 769 2266 καὶ
786 2208 884 2290 Γέργις
904 2207 919 2268 ό

117 2293 236 2373 Ἀρίζου,
256 2297 302 2356 καὶ
323 2296 494 2378 Μεγάβυζος
516 2294 532 2355 ό
552 2296 694 2374 Ζωπύρου.
736 2294 825 2355 Οὗτοι
845 2295 919 2372 ἦσαν
928 2297 966 2354 83

119 2386 272 2466 στρατηγοὶ
285 2389 335 2445 τοῦ
350 2385 510 2461 σύμπαντος
524 2389 647 2462 στρατοῦ
662 2385 754 2458 πεζοῦ,
770 2384 853 2465 χωρὶς
866 2389 920 2444 τῶν

118 2475 230 2549 μυρίων·
252 2478 306 2533 τῶν
328 2474 358 2532 δὲ
379 2474 482 2550 μυρίων
504 2474 606 2533 τούτων
628 2474 761 2550 Περσέων
779 2477 833 2533 τῶν
852 2470 919 2532 ἇπο-

119 2562 294 2640 λελεγμένων
315 2562 482 2642 ἐστρατήγεε
502 2565 552 2638 μὲν
570 2561 704 2638 Ὑδάρνης
727 2561 743 2620 ό
763 2560 918 2638 Ὑδάρνεος·

119 2649 268 2708 ἐκαλέοντο
285 2649 314 2706 δὲ
326 2648 476 2710 Ἀθάνατοι
495 2653 521 2708 οἱ
535 2651 647 2726 Πέρσαι
668 2647 744 2709 οὗτοι
766 2649 811 2708 ἐπὶ
829 2649 918 2723 τοῦδε·

120 2736 145 2793 εἴ
156 2763 198 2798 τις
211 2735 301 2796 αὐτῶν
318 2734 426 2805 ἐξέλιπε
446 2737 495 2798 τόν
516 2736 635 2815 οἷριθμδν
648 2736 666 2814 ἢ
681 2738 788 2816 θανάτῳ
809 2737 920 2813 βιηθεὶς

119 2821 136 2897 r)
150 2823 248 2903 νούσῳ,
264 2822 352 2888 ἄλλος
366 2825 435 2903 ἀνήρ
449 2825 592 2903 ἀραίρητο·
614 2826 659 2884 καὶ
674 2827 796 2908 ἐγίνοντο
811 2824 919 2900 οὐδαμά

120 2910 182 2971 οὔτε
203 2916 319 2976 πλεῦνες
339 2915 442 2991 μυρίων
465 2913 527 2974 οὔτε
552 2913 716 2977 ἐλάσσονες.
759 2912 865 2988 κόσμον
890 2912 919 2970 δὲ

118 3002 256 3061 πλεῖστον
273 3001 440 3080 παρείχοντο
461 3002 509 3062 διὰ
523 3000 635 3063 πάντων
646 3003 782 3077 mmm,
793 2999 844 3052 κείς
855 2997 943 3090 dms&

114 3084 227 3161 ἄριστοι
239 3087 324 3166 ἦσαν·
348 3091 458 3170 σκευὴν
474 3094 528 3172 μὶν
541 3090 683 3165 τοιαύτην
699 3088 780 3163 &mov
795 3080 876 3150 *1³²9
892 3091 970 3169 ‘155³'

105 3197 162 3230 ⁷⁰⁴⁰
180 3179 273 3255 χωρὶς
294 3179 334 3254 δὲ,
350 3183 470 3265 χρυσόν
485 3210 523 3244 τε
537 3179 661 3244 πολλόν
681 3169 772 3234 affl&
793 3168 886 3264 (ἐφ’
907 3165 1001 3271 QX

95 3285 143 3322 τες
156 3264 333 3344 ἐνέπρεπον,
350 3274 548 3353 ἁρμαμάξας
559 3300 598 3333 τε
622 3268 693 3346 ἅμα
707 3261 830 3338 *ww
847 3262 878 3295 o)
888 3235 935 3287 ᾖ
946 3247 969 3273 Ἦ
