2024 3450
89 106 198 171 90—92]
388 111 590 161 TENIXOPH.
855 113 884 160 ¹ss

88 189 212 264 ὕβρίσας
233 187 360 265 ἐξέβαλε,
375 189 458 259 δόξαν
476 191 505 249 δὲ
526 190 620 265 φύσας
637 188 792 259 αὐξάνεται·
813 188 886 249 ὥστε

87 276 298 352 ἐκμεμαθήκασι
311 277 438 354 μάλιστα
451 281 503 354 μὲν
516 281 543 337 οἱ
555 280 690 355 περίοικοι
704 275 885 337 αύτῶνΒοιω-

86 364 131 422 τοὶ
145 365 191 424 καὶ
204 365 364 434 Χαλκιδέες,
379 365 452 444 τάχα
466 366 498 425 δέ
513 391 554 428 τις
568 365 613 423 καὶ
627 364 715 426 ἄλλος
730 364 883 440 ἐκμαθήσε-

85 476 133 510 ται
151 452 292 529 ἁμαρτών.Ι
318 453 380 511 ε’πεί
390 479 420 512 τε
434 453 464 511 δὲ
478 456 568 512 ε’κεῖνα
580 451 749 527 ποιήσαντες
762 451 884 529 ἦμάρτο-
932 465 934 467 ’

84 565 145 616 μεν,
167 545 216 600 νῦν
237 539 431 617 πειρησόμεθά
454 547 547 616 σφεας
570 539 628 615 ἅμα
654 538 719 615 ύμῖν
741 538 885 614 οἷκεόμενοι
961 539 963 543 ’

84 628 231 688 τίσασθαι·
252 627 338 688 αὐτοῦ
359 626 414 708 γάρ
439 627 541 687 τούτου
563 628 663 687 εἵνεκεν
685 625 764 685 τόνδε
784 651 815 684 τε
836 625 884 684 τόν

84 711 196 791 Ἱππίην
209 714 455 793 μετεπεμψάμεθα,
470 715 516 774 καὶ
531 715 615 791 ύμέας
630 713 685 773 α’πό
701 717 756 772 τῶν
769 713 882 784 πολίων,

85 801 130 860 ἵνα
143 808 224 882 κοινῷ
236 830 267 864 τε
281 803 357 884 λόγῳ
372 804 417 861 καὶ
431 808 510 882 κοινῷ
523 803 618 882 στόλῳ
633 800 819 882 ἐσαγαγόντες
837 798 883 858 αύ-

83 888 135 948 τδν
148 895 175 952 ἒς
188 890 238 953 τοὶς
250 890 370 966 Ἀθήνας
383 890 528 967 α’ποδῶμεν
541 891 577 950 τοὶ
591 890 637 949 καὶ
651 886 850 965 άπειλόμεθα.”

126 980 163 1036 Οἶ
175 980 227 1053 μὲν
239 983 326 1038 ταῦτα
339 979 446 1060 ἔλεγον·
467 983 521 1038 τῶν
534 979 564 1038 δὲ
577 977 734 1055 συμμάχων
754 976 787 1035 τό
808 979 880 1051 πλῆ·
891 977 929 1034 92

83 1065 132 1128 θος
150 1064 200 1125 ούκ
216 1066 352 1126 ἐνεδέκετο
373 1065 438 1129 τούς
458 1064 571 1146 λόγους.
613 1068 640 1124 οἱ
658 1065 710 1142 μέν
730 1090 778 1124 νυν
794 1063 880 1122 ἄλλοι

83 1151 204 1231 ἡσυχίην
215 1153 294 1234 ἦγον,
309 1153 457 1231 Κορίνθιος
470 1153 500 1212 δὲ
513 1155 674 1228 Σωσικλέης
688 1153 765 1222 ἔλεξε
778 1152 851 1212 τάδε.

123 1240 187 1300 “Ἢ
201 1242 235 1317 δὴ
250 1241 309 1302 ὅτε
326 1241 439 1319 οὐρανός
453 1242 637 1318 ἔσται’ἔνερθε
650 1245 699 1315 τῆς
710 1245 772 1319 γῆς
793 1241 838 1296 καὶ
859 1238 878 1314 ἡ

81 1331 120 1406 γῆ
139 1331 275 1405 μετέωρος
288 1328 357 1406 ύπὲρ
371 1333 421 1389 τοῦ
435 1328 559 1405 ούρανοῦ,
576 1329 622 1387 καὶ
637 1330 663 1386 οἱ
677 1325 816 1402 ἄνθρωποι
837 1351 880 1384 νο-

82 1413 137 1489 μδν
150 1420 179 1475 ἐν
192 1416 327 1492 θαλάσσῃ
342 1417 437 1484 ἕξουσι
456 1416 501 1473 καὶ
520 1419 546 1473 οἱ
566 1414 658 1493 ἰχθύες
678 1414 726 1472 τόν
745 1411 881 1488 πρότερον

84 1499 232 1576 ἅνθρωποι,
253 1502 300 1560 ὅτε
320 1527 353 1581 γε
375 1501 460 1576 ὑμεῖς,
483 1499 504 1558 ὦ
523 1499 745 1576 Λακεδαιμόνιοι,
770 1502 880 1573 ἰσοκρα-

84 1588 143 1647 τίας
161 1586 343 1649 καταλύοντες
362 1588 523 1662 τυραννίδας
541 1592 568 1648 ἐς
585 1586 634 1648 τάς
650 1586 732 1648 πόλις
751 1585 879 1664 κατάγειν

84 1672 340 1747 παρασκευάζεσθε·
366 1677 416 1732 τοῦ
441 1671 504 1731 οὔτε
527 1672 689 1748 α’δικώτερον
713 1671 791 1744 οὐδέν
817 1677 878 1731 ε’στι

84 1759 143 1836 κατ’1
164 1759 325 1837 ἀνθρώπους
351 1759 413 1820 οὔτε
440 1760 668 1838 μιαιφονώτερον.
711 1765 734 1819 εἰ
761 1759 815 1840 γάρ
844 1759 879 1836 δη

82 1847 219 1929 ταῦτάγε
242 1847 330 1907 δοκέει
349 1847 415 1925 ύμῖν
436 1849 504 1908 εἶναι
525 1847 658 1928 χρηστόν,
683 1848 754 1908 ὥστε
780 1874 880 1924 τυραν--

82 1935 210 1996 νεύεσθαι
230 1936 279 1999 τᾶς
299 1936 390 2006 πόλις,
412 1936 492 1997 αύτοὶ
513 1940 618 2014 πρώτοι
637 1937 770 2014 τύραννον
794 1963 875 1996 κατα-

82 2023 256 2101 στησάμενοι
278 2025 355 2101 παρά
378 2027 466 2102 σφίσι
489 2024 607 2094 αύτοῖσι,
632 2025 701 2084 οὕτω
728 2024 773 2082 καὶ
799 2028 876 2083 τοῖσι

81 2111 198 2173 ἄλλοισι
216 2114 329 2190 δίζησθε
351 2113 523 2174 κατιστάναι·
544 2117 592 2173 νῦν
613 2113 650 2181 δὲ,
670 2112 748 2171 αὐτοὶ
769 2110 878 2188 ἄπειροι

81 2201 171 2264 ε’όντες
188 2194 393 2278 τυράννων,“καὶ
414 2201 612 2277 φυλάσσοντες
630 2199 772 2258 δεινότατα
791 2203 874 2259 τοῦτο

81 2294 109 2348 ε’ν
130 2293 166 2368 τῇ
187 2289 303 2369 Σπάρτῃ
325 2287 366 2366 μὴ
388 2282 528 2371 γενέσθαι,
552 2288 738 2368 παραχρᾶσθε
762 2292 790 2350 ε’ς
813 2287 876 2351 τούς

80 2377 255 2456 συμμάχους.
298 2383 321 2437 εἰ
346 2378 375 2436 δὲ
401 2376 480 2436 αὐτοὶ
510 2379 634 2453 ἔμπειροι
663 2371 723 2435 ἔατε
754 2375 876 2452 κατάπερ

80 2465 167 2540 ἡμεῖς,
182 2461 269 2543 εἴχετε
287 2464 321 2526 ἂν
338 2465 402 2542 περὶ
419 2464 503 2524 αὐτοῦ
521 2464 632 2546 γνώμας
645 2463 875 2540 άμείνοναςσυμ·

78 2553 245 2629 βάλλεσθαι
264 2551 335 2629 ἤπερ
356 2557 413 2613 νῦν.
441 2574 443 2580 ⁴
837 2575 840 2581 '

120 2642 367 2722 ΚΟΡΙΝΘΙΟΙΣΙ
387 2641 442 2721 γάρ
459 2639 494 2716 ἦν
513 2640 612 2703 πόλιος
633 2640 806 2702 κατάστασις
821 2665 877 2699 τοι·

78 2728 137 2804 η’δε·
158 2720 194 2804 ἦν
206 2727 424 2809 ὀλιγαρχίη,’καὶ
445 2724 522 2788 οὗτοι
535 2727 690 2807 Βακχιάδάι
711 2725 876 2802 καλεόμενοι

80 2817 175 2892 ἔνεμον
187 2816 239 2891 τὴν
252 2816 346 2875 πόλιν·
368 2815 495 2875 ἓδιδοσαν
515 2815 545 2875 δὲ
562 2816 607 2873 καὶ
627 2814 729 2895 ἤγοντο
743 2815 774 2882 ἐξ
787 2813 876 2888 α’λλή-

80 2907 144 2962 λων.
185 2903 319 2979 Ἀμφίονι
339 2903 377 2974 δὲ,
392 2903 464 2962 ε’άντι
483 2903 587 2962 τούτων
607 2906 661 2962 τῶν
678 2902 790 2977 ἀνδρῶν,
804 2900 876 2979 γίνε·

77 3016 124 3050 ται
137 2987 259 3072 θυγάτηρ
272 2990 361 3070 χωλή·
383 2989 487 3068 οὕνομα
501 2991 532 3049 δέ
540 2994 571 3048 ὀἱ
583 2989 617 3064 ἦν
630 2988 742 3063 Λάβδα·
764 2986 874 3058 ταύτην,

78 3078 256 3160 Βακχιαδέων
273 3077 328 3158 γάρ
345 3077 434 3140 οὐδεὶς
454 3077 539 3154 ἤθελε
559 3081 661 3158 γῆμαι,
671 3072 908 3168 ίσχειᾌετίιουχ

75 3164 94 3222 o‘
107 3164 291 3242 Ἐχεκράτεος,
307 3165 400 3243 δήμου
415 3159 471 3245 μὲν
485 3167 535 3251 [ἐκ
546 3167 667 3242 Πέτρης
695 3161 763 3229 ἐὦνς
775 3152 854 3223 &Rp
867 3173 919 3250 'W

61 3248 198 3310 a’tse'xaffler
209 3256 346 3334 Λαπίθης
360 3284 395 3318 τε
410 3259 464 3319 καὶ
478 3255 651 3330 Καινείδης·
680 3245 766 3308 ἐκδὲ
781 3244 812 3298 οὶ
822 3250 947 3298 mm*
