2024 3450
123 116 153 159 οι
426 111 610 160 Ἣιοιοτοκ
856 92 928 175 [νιζ

86 198 89 204 ’
122 190 175 266 ἔχω
191 187 291 247 ἐλπίδα
311 188 350 265 μὴ
372 188 404 248 ού
425 189 524 249 δώσειν
544 188 630 265 ύμέας
644 187 723 263 δίκην
742 191 781 266 τῷ
798 189 923 264 βασιλέϊ

120 278 170 349 τῆς
191 274 375 337 ἀποστάσιος·
417 274 482 334 ἀλλ’
500 277 564 352 ε’μοί
582 303 612 336 τε
634 274 768 335 πείθεσθε
789 276 836 334 καὶ
858 280 923 355 έμοῖ

120 361 206 437 ύμέας
229 361 327 424 αύτούς
349 364 523 440 ἐπιτρέψατε·
548 363 594 422 καὶ
616 362 681 437 ύμῖν
705 361 778 442 ε’γιδ,
791 363 863 423 θεῶν
886 367 923 425 τὰ

121 448 171 507 ἶσα
191 447 336 524 νεμόντων,
350 449 520 527 ὑποδέκομαι
533 449 551 526 ἡ
565 449 598 509 ού
617 449 766 526 συμμίξειν
785 449 852 513 τούς
871 478 922 512 πο-

120 534 279 612 λεμίους,ἡ
302 538 515 618 συμμίσγοντας
538 535 649 595 πολλόν
673 535 923 598 ε’λασσῶσεσθαι.”

73 624 110 682 12
122 627 216 684 Ταῦτα
231 623 399 688 α’κούσαντες
413 628 439 684 οἶ
453 623 546 686 Ἴωνες
560 624 739 700 ἐπιτρέπουσι
760 624 853 699 σφέας
874 625 921 685 αό-

119 711 183 774 τούς
195 715 233 790 τῷ
247 713 395 790 Διονυσίῳ.
427 711 443 770 ό
458 712 495 780 δὲ,
510 711 618 792 ἀνάγων
632 709 826 769 έκόστοτεέπὶ
839 714 921 789 κέρας

118 799 168 862 τοὶς
189 800 259 867 νέας,
281 798 350 862 ὅκως
370 802 447 858 τοῖσι
468 799 579 876 ἐρέτῃσι
599 797 747 877 χρήσαιτο,
771 797 920 860 διέκπλοον

118 886 280 962 ποιεύμενος
299 889 367 964 τῇσι
385 886 466 960 νηυσὶ
484 885 517 943 δι’
534 885 690 961 ἀλληλέων,
713 884 759 942 καὶ
776 885 842 948 τούς
863 892 921 946 ε’πιέ

119 972 372 1047 βάταςόπλίσειε,
397 971 429 1049 τό
453 972 555 1032 λοιπόν
577 976 627 1047 τῆς
650 971 754 1048 ἡμέρης
781 971 831 1035 τὰς
848 975 919 1038 ’νέας

120 1059 219 1136 ἔχεσκε
238 1057 279 1116 ἐπ’
293 1057 441 1139 α’γκυρέων·
463 1059 581 1137 παρεῖχέ
597 1082 628 1118 τε
647 1062 723 1118 τοῖσι
731 1057 812 1118 Ἴωσι
832 1060 919 1121 πόνον

120 1145 153 1204 δι’
166 1145 280 1223 ἡμέρης.
322 1147 406 1225 μέχρι
418 1147 470 1223 μέν
484 1173 532 1206 νυν
545 1146 667 1223 ἡμερέων
683 1145 753 1206 ἔπτό
775 1148 918 1208 έπείθοντό

117 1259 149 1292 τε
167 1234 213 1292 καὶ
231 1235 338 1294 ε’ποίευν
359 1233 392 1293 τό
414 1233 603 1310 κελευόμενον·
624 1237 660 1312 τῇ
681 1233 710 1292 δὲ
727 1234 772 1292 ε’πὶ
790 1233 916 1312 ταύτῃσι,

118 1319 158 1401 [οἱ
165 1320 269 1402 Ἴωνες]
284 1321 329 1380 οἶα
342 1319 461 1383 οἷπαθέες
475 1318 566 1384 ε’όντες
579 1319 671 1381 πόνων
684 1318 813 1380 τοιούτων
825 1347 916 1399 τετρυ

117 1410 196 1484 μένοι
216 1435 247 1469 τε
267 1407 476 1486 ταλαιπωρίῃσί
495 1414 526 1467 τε
547 1408 593 1466 καὶ
614 1406 706 1486 ἠελίῳ,
729 1408 826 1487 ἔλεξαν
847 1409 916 1485 πρός

118 1496 232 1559 ἑωυτούς
241 1495 316 1556 τάδε·
334 1506 351 1532 “
359 1496 421 1556 τίνα
434 1494 570 1573 δαιμόνων
583 1493 762 1572 παραβάντες
774 1495 845 1575 τοίδε
853 1495 916 1556 ἆνα·

117 1585 290 1661 πίμπλαμεν,
302 1586 400 1649 οἵτινες
412 1582 684 1662 παραφρονήσαντες
697 1582 743 1659 καὶ
754 1582 915 1664 ἐκπλώσαν-

116 1697 161 1735 τες
180 1677 217 1737 ἔκ,
228 1677 278 1733 τοῦ
298 1672 371 1742 νόου,
386 1673 464 1750 ἀνδρὶ
474 1671 586 1730 ’Φωκαέῖ
605 1668 720 1740 οἷλαζόνι
736 1671 916 1749 παρεχομένῳ

116 1759 179 1821 νέας
194 1763 267 1835 τρεῖς
286 1761 483 1837 ἐπιτρέψαντες
501 1759 588 1835 ἡμέας
604 1757 703 1820 αύτούς
722 1757 835 1834 έχομενς
858 1757 916 1816 όδέ

117 1845 294 1919 παραλαβών
307 1845 403 1920 ἡμέας,
417 1846 580 1919 λυμαίνεται
596 1843 706 1920 λύμῃσι
726 1843 915 1919 αἰηκέστοισι·

117 1930 163 1986 καὶ
187 1929 220 2002 δὴ
242 1931 348 1987 πολλοὶ
371 1931 422 2005 μὲν
443 1929 534 2003 ἡμέων
557 1934 584 1990 ἐς
606 1928 723 1990 νούσους
744 1931 914 2006 πεπτώκασι,

116 2015 231 2089 πολλοὶΙ
246 2015 275 2074 δὲ
303 2014 425 2083 ἐπίδοξοι
450 2013 538 2072 τώυτό
564 2017 647 2073 τοῦτο
675 2015 829 2074 πείσεσθαί
838 2024 914 2096 εἶσι·

115 2103 171 2181 πρό
183 2130 215 2163 τε
227 2103 330 2163 τούτων
343 2105 399 2162 τῶν
412 2103 501 2159 κακῶν
514 2099 581 2176 ἡμῖν
591 2127 624 2182 γε
638 2101 761 2176 κρέσσον
775 2103 821 2161 καὶ
834 2104 916 2168 ὁτιῶν

117 2189 193 2250 ἄλλο
215 2191 329 2250 παθέειν
350 2188 420 2258 ε’στὶ,
446 2188 492 2246 καὶ
514 2187 565 2263 τὴν
591 2189 755 2265 μέλλουσαν
783 2189 916 2268 δουληίην

115 2276 269 2352 ὑπομεῖναι,
283 2275 343 2351 ἥτις
363 2276 450 2344 ἔσται,
466 2277 580 2351 μᾶλλον
600 2274 669 2354 ἦτῃ
686 2275 829 2355 παρεούσῃ
848 2304 914 2339 συν-

79 2427 82 2433 ,
115 2362 239 2440 ἔχεσθαι.
258 2424 261 2429 ,
275 2363 381 2438 φέρετε,
395 2365 446 2421 τοῦ
460 2367 562 2422 λοιποῦ
575 2363 615 2439 μὴ
630 2362 788 2438 πειθώμεθα
802 2362 915 2423 αύτού.”

115 2455 203 2509 ταῦτα
216 2449 323 2518 ἔλεξαν·
345 2451 390 2508 καὶ
403 2449 474 2526 μετὰ
486 2453 574 2510 ταῦτα
588 2449 685 2508 αὐτίκα
701 2451 848 2511 πείθεσθαι
870 2451 914 2511 ού-

114 2536 168 2600 δεῖς
180 2537 275 2613 ἤθελε·
297 2537 369 2608 ἀλλ’,
385 2538 429 2596 οἷα
444 2538 571 2614 στρατιὴ,
585 2537 690 2613 σκηνός
708 2563 739 2607 τε
758 2537 914 2614 πηξάμενοι

114 2629 142 2684 έν
160 2628 196 2702 τῇ
213 2624 290 2704 νὴσῳ
311 2627 552 2703 ἐσκιητροφέοντο,
567 2626 612 2684 καὶ
626 2624 769 2701 ἐσβαίνειν
787 2624 836 2683 ούκ
854 2626 912 2685 έθέ·

68 2713 103 2769 13
115 2715 219 2772 λεσκον
240 2717 267 2776 ές
283 2713 334 2776 τός
351 2715 420 2784 νέας,
440 2713 496 2773 οὐδ’
510 2711 723 2790 ἀναπειρᾶσθαι.
766 2711 913 2776 Μαθόντες

115 2799 247 2859 δὲταῦτα
266 2801 398 2882 γινόμενα
415 2807 444 2860 ἐκ
458 2805 512 2861 τῶν
525 2800 623 2860 Ἰαόνων
640 2803 666 2858 οὶ
683 2800 837 2880 στρατηγοὶ
857 2804 913 2860 τῶν

113 2887 232 2963 Σαμίων,
247 2889 365 2947 ἐνθαῦτα
386 2887 419 2963 δὴ
441 2887 505 2966 παρ’
519 2888 636 2950 Αἶόκεος
657 2890 707 2946 τοῦ
728 2890 913 2951 Συλοσῶντος

113 2976 216 3039 κείνους
234 2973 299 3038 τούς
315 2974 450 3052 πρότερον
468 2976 573 3052 ἔπεμπε
594 2972 697 3056 λόγους
710 2973 726 3033 ό
741 2974 853 3049 Αἰάκης,
868 3001 912 3033 κε,-

98 3062 244 3122 λευοντων
263 3064 321 3124 τῶν
342 3063 486 3141 Περσέων,
510 3059 638 3139 δεόμενός
664 3067 761 3137 σῴεων
788 3065 911 3121 ἐκλιπεῖν

84 3146 142 3216 viv
159 3148 260 3213 Ἰαίνων
272 3153 531 3232 συμμαχίην,-οἰ
541 3151 649 3228 Σάμιοι
663 3149 711 3216 ὧν,
721 3147 852 3223 δρὲωυτες
864 3147 925 3218 ἅμα
943 3187 947 3195 -

61 3229 128 3294 μὲν
142 3239 257 3300 έοῦσαν
270 3240 405 3322 α’ταξίην
418 3244 544 3320 πολλὴν
564 3246 595 3300 ἐκ
612 3241 670 3300 τῶν
679 3233 800 3297 Ἰώνων,
813 3229 942 3285 ὶλέκῦνῖὒ
