2024 3450
84 110 221 175 124-129‘}
393 109 579 160 HOATMNIA.
833 109 880 157 169

81 191 369 271 στρατοπεδευόμενος
384 190 436 265 τήν
453 190 529 267 παρὰ
544 189 697 251 θάλασσαν
709 189 803 269 χόρην
815 213 881 248 τοσ-

81 280 154 354 ήνδε·
176 279 328 356 ἀρξόμενος
349 277 405 336 α’πὸ
427 280 537 354 Θέρμης
557 277 658 340 πόλιος
671 279 716 336 καὶ
733 281 784 352 τῆς
801 282 880 356 Μυγ-

81 368 181 444 δονίης,
198 368 282 445 μέχρι
302 365 409 424 Λυδίεοί
426 392 456 424 τε
473 369 601 441 ποταμοῦ
622 366 668 422 καὶ
687 364 880 440 Ἀλιόκμονος,

82 455 109 514 οἳ
121 456 262 532 οὐρίζουσι
275 458 329 533 γῆν
347 453 398 527 τήν
417 453 577 511 Βοττιαιίδα
594 478 625 512 τε
643 452 689 509 καὶ
707 452 881 511 Μακεδονίδα

82 548 110 606 ἐς
122 543 210 602 τιόυτῦ
223 542 336 619 ῥέεθρον
350 539 383 599 τό
397 539 468 616 ὕδωρ
482 540 701 618 συμμίσγοντες·
716 542 882 612 ἐστρατοπε·

82 629 194 690 δεύοντο
210 630 262 705 μὲν
280 628 313 701 δή
332 631 361 685 ἐν
380 626 505 685 τοῦτοισι
522 628 600 684 τοῖσι
617 625 746 702 χωρίοισι
765 627 792 682 οἱ
809 625 881 700 βόρ-

83 720 178 793 βαροι.
220 715 318 773 τῶνδὲ
335 714 562 792 καταλεχθέντων
575 711 679 772 τούτων
694 715 835 787 ποταμῶν,
852 716 882 770 ἐκ

84 802 285 878 Κρηστωναίης
298 801 366 877 ῥέων
378 800 541 880 Ἐχεῶωρος
552 804 654 876 μοῦνος
665 798 714 858 οῦκ
727 797 882 877 ἀντέχρησε

82 893 118 965 τῇ
139 891 258 967 στρατιῇ
279 886 431 965 πινόμενος,
452 887 518 947 ἀλλ’
542 888 664 947 ἐπέλιπε.
708 887 813 963 Ξέρξης
833 887 928 947 δὲ128

84 974 167 1050 ὁρέων
183 981 213 1036 ἐκ
229 979 279 1052 τῆς
299 976 409 1053 Θέρμης
429 976 510 1054 οὔρεα
530 975 565 1037 τό
586 975 761 1046 Θεσσαλικοῖ,
781 974 831 1035 τόν
850 1001 880 1036 τε

79 1055 228 1140 Ὀλυμπον
249 1064 295 1123 καὶ
316 1063 367 1140 τήν
384 1063 508 1136 Ὀσσαν,
530 1064 648 1146 μεγάθεΐ
670 1090 701 1123 τε
721 1063 882 1141 ῦπερμήκεα

83 1150 171 1221 ἐόντα,
185 1151 230 1212 διαὶ
241 1153 332 1229 μέσου
344 1178 375 1212 τε
389 1151 478 1213 αὐτῶν
491 1152 602 1214 ου’λῶνα
619 1153 730 1213 στεινόν
746 1151 880 1213 πυνθανό-

80 1265 162 1315 μενος
175 1241 245 1301 εἶναι
265 1241 298 1300 δι’
320 1238 352 1300 οῦ
372 1242 428 1318 ῥέει
449 1241 465 1301 ό
487 1242 613 1316 Πηνειός,
635 1241 741 1300 οἷκούων
760 1266 791 1298 τε
813 1241 881 1299 εἶναι

81 1326 167 1407 ταῦτ-η
181 1329 246 1389 όδόν
259 1334 287 1390 ἐς
300 1333 464 1404 Θεσσαλίην
475 1329 625 1404 φέρουσαν,
637 1327 795 1402 ἐπεθύμησε
805 1326 880 1384 πλοί-

82 1441 135 1478 σας
152 1416 312 1491 θεήσασθαι
328 1414 381 1489 τήν
401 1415 534 1490 ἐκβολήν
544 1415 594 1471 τοῦ
616 1416 751 1488 Πηνειοῦ·
772 1412 815 1471 ότι
828 1412 881 1488 τήν

82 1500 136 1561 ἅνω
150 1503 214 1562 ὁδόν
228 1505 329 1578 ἔμελλε
344 1505 411 1560 ἐλᾶν
421 1501 466 1558 διό
478 1502 646 1560 Μακεδόνων
658 1504 714 1560 τῶν
728 1499 880 1576 κατύπερθε

83 1591 239 1664 οἰκημένων,
250 1594 277 1650 ἐς
288 1587 467 1663 Περραιβοίς
480 1587 557 1664 παρὰ
570 1587 674 1647 Γόννον
687 1588 780 1646 πόλιν·
794 1587 880 1666 ταῦτ-η

81 1675 136 1754 γὰρ
155 1674 376 1750 ἀσφαλέστατον
395 1674 560 1734 ἐπυνθάνετο
582 1674 661 1733 εἶναι·
692 1674 727 1737 (ῦς
740 1675 770 1733 δὲ
786 1675 881 1735 ἐπεθύ-

82 1788 166 1839 μησε,
181 1763 226 1820 καὶ
240 1762 330 1821 ἐποίεε
347 1765 448 1820 ταῦτα·
471 1761 561 1838 ἐσβὰς
582 1766 609 1824 ἐς
630 1762 762 1838 Σιδωνίην
782 1761 839 1831 νέα,
854 1768 881 1826 ἐς

46 1845 51 1853 ’
81 1849 184 1927 τήνπερ
198 1849 327 1925 ἐσέβαινε
341 1848 393 1906 αἰεὶ
407 1848 475 1912 ὅκως
488 1875 515 1908 τι
529 1850 622 1909 ἐθέλοι
634 1855 744 1910 τοιοῦτο
754 1853 888 1926 ποιήσαι,

82 1936 190 2007 οἷνέδεξε
203 1936 325 2014 σημήϊον
338 1937 384 1994 καὶ
397 1941 473 1996 τοῖσι
488 1935 606 1996 ἄλλοισι
621 1936 784 2019 α’νιίγεσθαι,
799 1964 880 1998 κατα-

81 2025 171 2087 λιπῶν
184 2025 269 2086 αῦτοῦ
282 2025 331 2085 τόν
344 2024 428 2095 πεζόν
441 2024 575 2101 στρατόν·
591 2026 650 2083 ἐπεὶ
664 2025 693 2084 δὲ
706 2025 821 2084 ἀπίκετο
835 2027 881 2084 καὶ

82 2114 217 2190 ἐθεήσατο
228 2114 333 2191 Ξέρξης
341 2112 393 2189 τήν
404 2111 530 2189 ἐκβολήν
539 2118 590 2174 τοῦ
599 2117 728 2188 Πηνειοῦ,
738 2117 766 2172 ἐν
775 2110 881 2189 θιόματι

80 2202 221 2284 μεγάλῳ’
208 2203 349 2314 ενέσχετο
364 2202 487 2264 καλέσας
500 2201 530 2260 δέ
544 2198 609 2262 τοῦς
627 2201 817 2312 κατηγεμόνας
831 2205 883 2277 τῆς

81 2288 192 2360 ὁδοῦ,
167 2317 254 2368 ειρετο
265 2295 289 2350 εἰ
301 2289 351 2350 τόν
360 2288 488 2367 ποταμόν
499 2293 560 2349 ἐστι
573 2289 816 2367 παρατρέψαντα
803 2288 882 2369 ετέρῃ

81 2382 110 2440 ἐς
124 2377 276 2439 θάλασσαν
290 2379 449 2461 ἐξαγαγεΐν;
471 2376 541 2458 (Τήν
555 2377 584 2436 δέ
598 2377 763 2454 Θεσσαλίην
775 2376 862 2459 λόγος
872 2379 927 2437 129

82 2466 143 2523 ἐστὶ
160 2492 193 2525 το
185 2465 380 2525 παλαιόν
354 2493 424 2525 ειναι
444 2463 589 2542 λίμνην,
569 2491 642 2525 ωστε
661 2492 694 2546 γε
715 2470 881 2547 συγκεκληῖ-

81 2553 188 2628 σμένην
208 2552 345 2612 πάντοθεν
366 2552 540 2630 ῦπερμήκεσι
564 2552 672 2624 οόρεσι·
700 2553 736 2614 τό
755 2554 807 2631 μέν
825 2552 880 2634 γὰρ

81 2638 166 2714 αὐτῆς
179 2639 248 2717 πρός
260 2639 313 2715 τήν
326 2639 366 2715 ήῶ
381 2643 479 2720 ἔχοντα
492 2640 525 2701 τό
538 2667 569 2701 τε
582 2639 694 2715 Πήλιον
705 2639 789 2720 οῦρος
802 2641 848 2700 καὶ
862 2640 882 2718 ἦ

76 2724 177 2787 Ὀσσα
195 2725 333 2806 ιίποκλήει
351 2729 551 2808 συμμίσγοντα
567 2727 618 2791 τοὶς
637 2729 780 2808 ῦπωρείας’
792 2727 882 2804 ἀλλή-

81 2819 168 2885 λοισι,
182 2814 217 2875 τοὶ
230 2814 260 2874 δέ
273 2814 343 2893 πρός
356 2817 448 2893 βορέω
463 2815 565 2892 α’νέμου
583 2816 598 2876 ό
619 2812 779 2895 Οῦλυμπος,
798 2816 834 2876 τῦ
853 2817 882 2875 δέ

81 2903 151 2981 πρός
171 2900 293 2980 ἕσπέρην
313 2903 428 2966 Πίνδος·
452 2930 487 2963 τα
479 2903 539 2963 δὲ
559 2904 628 2981 πρός
647 2903 832 2980 μεσαμβρίην
851 2928 882 2962 τε

82 2992 128 3050 καὶ
140 2990 242 3068 ἅνεμον
254 3017 336 3052 νοτον
349 3017 367 3068 η
360 2989 497 3070 εὌθρυς·
519 2991 554 3052 τό
570 2992 658 3068 μέσον
670 2993 708 3049 δε
717 3013 824 3047 τουτου
840 3011 898 3040 ww

76 3080 234 3157 λεχθέντων
256 3078 362 3159 οῦρέιον
382 3079 402 3159 ή
424 3080 617 3156 Θεσσαλίη
609 3102 689 3144 εστι,
705 3075 807 3130 'town
825 3064 928 3126 τεοῇκτχ

68 3163 145 3224 ὥστε
157 3165 353 3250 ὦνποταμῶν
366 3177 394 3237 ἐς
406 3169 504 3248 αι’τιην
519 3195 602 3229 καια
578 3165 671 3226 ἄλλα
668 3186 687 3220 v
699 3171 825 3230 ΜΘΝ
837 3139 963 3264 &Q

57 3250 240 3325 MWQ'
199 3282 292 3322 πεντε
310 3261 408 3324 δὲ
366 3288 430 3325 των
450 3259 590 3338 δοκίμιον
620 3250 771 3330 pamm
790 3223 908 3290 &VM
956 3229 970 3259 Ἰ
