2024 3450
72 108 165 175 8-11]
374 110 561 160 KAAAlonH.
824 112 870 158 τοι

71 194 147 251 τοῖσι
166 188 347 270 ἀπιγμένοισι
366 188 424 249 οἷπδ
441 192 497 249 τῶν
516 191 631 260 πολίων,
651 191 748 255 νυκτὸς
768 191 808 250 ἐτι
828 195 870 250 ἐκ·

71 280 215 356 πέμπουσι
235 278 480 357 πεντακισχιλίους
500 279 703 355 Σπαρτιητέων,
722 279 781 360 [καὶ
802 278 872 338 ἔπτὰ

71 366 135 442 περὶ
153 366 272 425 ἕκαστον
287 364 419 434 τάξαντες
433 368 488 424 τῶν
506 365 645 446 εἱλοίτων,]
668 367 817 444 Παυσανίῃ
833 371 871 445 τῷ

71 452 279 530 Κλεομβρότου
306 453 501 530 ἐπιτρέψαντες
528 452 645 533 ἐξάγειν.
686 454 794 534 ἐγένετο
820 456 872 531 μέν
929 486 930 489 “

70 540 151 617 νυνῆ
170 539 304 621 ἡγεμονίη
318 538 521 619 Πλειστάρχου
541 543 591 599 τοῦ
603 540 752 600 Λεωνίδεω·
773 540 870 600 ἀλλίί

70 630 122 703 μὲν
147 626 183 704 ἦν
209 629 249 687 ἔτι
275 631 349 696 παῖς,
376 626 392 687 ὁ
416 626 445 685 δέ
471 626 572 686 τούτου
594 626 744 704 ἐπίτροπός
770 653 801 687 τε
825 629 871 686 καὶ

70 713 192 793 α’νεψιός·
213 713 419 790 Κλεόμβροτος
431 713 495 795 γάρ,
505 713 522 774 ὁ
533 714 701 774 Παυσανίεω
713 717 765 791 μὲν
777 715 871 791 πατὴρ

70 799 286 878 Ἀναξανδρίδεω
299 802 329 860 δὲ
344 805 418 872 παῖς,
432 801 524 861 ούκέτι
538 805 646 880 περιῆν·
667 801 745 862 ἄλλά
763 801 871 883 άπαγα-

70 889 127 968 γών
153 894 183 948 ἐκ
210 893 260 950 τοῦ
280 889 398 967 Ἰσθμοῦ
417 889 468 965 τὴν
489 889 624 967 στρατιήν
643 888 696 967 την
721 890 754 950 τὰ
778 893 871 970 τεῖχος

70 976 214 1053 δείμασαν,
227 977 299 1055 μετά
312 981 401 1038 ταῦτα
416 976 448 1037 ού
465 979 575 1038 πολλόν
593 977 696 1056 χρόνον
713 979 775 1039 τινά
788 977 871 1054 βιούς

70 1063 199 1125 ἀπέθανε.
241 1065 345 1148 (ἀπῆγε
359 1065 389 1125 δέ
403 1065 456 1142 την
471 1066 606 1144 στρατιὴν
626 1066 644 1126 ό
664 1066 871 1145 Κλεόμβροτος

69 1156 100 1210 ἐκ
112 1157 162 1212 τοῦ
175 1153 294 1231 Ἰσθμοῦ
307 1154 353 1214 δια
365 1154 438 1214 τάδε·
459 1155 584 1233 θυομένῳ
597 1158 624 1214 οἱ
645 1157 690 1214 ἐπὶ
706 1160 744 1235 τῷ
760 1156 869 1233 Πέρσῃ,

69 1239 178 1317 όῆλιος
195 1241 346 1320 ἀμαυρώθη
360 1245 442 1321 ἐντῷ
460 1240 585 1323 οὐρανῷ.)
626 1244 824 1318 προσαιρέεται
840 1243 871 1300 δὲ

69 1331 158 1408 ἑωυτῷ
178 1331 343 1405 Παυσανίης
361 1327 544 1405 Εὐρυάνακτα
564 1329 615 1388 τόν
636 1330 764 1405 Δωριέος,
784 1328 871 1406 ἄνδρα

70 1417 155 1490 οἰκίης
171 1414 252 1476 ἐόντα
266 1419 317 1491 τῆς
337 1415 431 1490 αὐτῆς.
474 1419 510 1474 Οἱ
530 1414 631 1490 μὲνδὴ
650 1416 703 1476 σύν
721 1418 870 1494 Παυσανίη
881 1419 915 1477 ll

70 1502 276 1577 ἐξεληλύθεσαν
307 1501 357 1570 ἐξω
388 1499 527 1578 Σπάρτης·
569 1505 596 1560 οἶ
622 1501 652 1560 δὲ
679 1501 803 1583 ἄγγελοι,
836 1503 872 1566 ὥς

69 1587 159 1665 ἡμέρη
173 1588 306 1669 ἐγεγόνεε,
320 1588 399 1648 οὐδὲν
413 1587 514 1652 εἰδότες
526 1589 594 1668 περὶι
606 1592 656 1664 τῆς
674 1589 771 1658 ἐξόδου
784 1593 871 1666 ἐπῆλ-

70 1676 120 1736 θον
134 1677 180 1735 ἐπὶ
192 1677 256 1741 τούς
270 1676 397 1753 ἐφόρους,
409 1681 437 1736 ἐν
446 1676 499 1756 νόῳ
514 1674 548 1752 δὴ
562 1678 672 1756 ἔχοντες
685 1676 871 1738 ἀπαλλάσσε-

70 1757 138 1825 σθαι
151 1766 197 1824 καὶ
213 1763 293 1825 αὐτοὶ
308 1765 355 1823 ἐπὶ
371 1763 424 1840 την
443 1768 543 1825 ἐωυτοῦ
560 1766 686 1829 ἕκαστος·
708 1765 872 1830 ἐπελθόντες

70 1852 99 1911 δὲ
118 1855 214 1934 ἔλεγον
231 1853 307 1913 τάδε·
330 1852 408 1930 ὑμεῖς
425 1855 486 1929 μὲν,
504 1852 525 1912 ὦ
541 1853 763 1931 Λακεδαιμόνιοι,
785 1853 871 1914 αι’ποῦ

69 1943 135 2021 τῇδε
148 1943 278 2019 μένοντες
289 1941 433 2002 Ὑακίνθιά
445 1967 476 2000 τε
492 1939 574 2023 άγετε
590 1943 636 2000 καὶ
656 1944 768 2013 παίζετε
788 1968 871 2001 κατα·

68 2031 218 2109 προδόντες
230 2032 295 2095 τούς
307 2028 483 2108 συμμάχους
503 2028 647 2105 Ἀθηναῖοι
663 2029 700 2098 δὲ,
715 2029 750 2091 ὦς
765 2028 870 2088 α’δικεό-

68 2147 147 2197 μενοι
164 2119 219 2180 ὖπὸ
234 2119 332 2197 ὖμέων,
350 2117 417 2199 χήτι
435 2116 592 2198 συμμάχων
608 2115 815 2177 καταλύσονται
833 2120 872 2197 τῷ

70 2212 170 2290 Πέρση
191 2209 263 2271 οὕτω
283 2209 352 2272 ὅκως
371 2205 406 2268 ἂν
425 2207 565 2268 δύνωνται·
586 2205 812 2283 καταλυσάμενοι
832 2206 870 2276 δέ,

70 2298 143 2374 δῆλα
156 2299 212 2380 γάρ
230 2299 264 2375 δη
284 2297 327 2359 ὅτι
343 2297 492 2376 σύμμαχοι
506 2295 646 2372 βασιλέος
663 2294 807 2375 γινόμεθα,
821 2321 870 2354 συ·

70 2386 301 2464 στρατευσόμεθα
315 2386 361 2446 ἐπὶ
373 2385 426 2461 τήν
439 2383 473 2445 ἂν
487 2387 591 2444 ἐκεῖνοι
599 2384 773 2465 ἐξηγέωνται·
793 2382 871 2461 ὑμεῖς

70 2474 99 2532 δὲ
112 2474 145 2532 τό
159 2475 283 2535 ἐνθεῦτεν
292 2474 459 2552 μαθήσεσθε
474 2472 567 2533 ὁκοῖον
577 2470 611 2532 ἅν
622 2497 651 2531 τι
663 2471 729 2548 ύμῖν
743 2471 774 2540 ἐξ
786 2471 872 2531 αύτοῦ

59 2560 214 2639 ’ἐκβαίνη.”
253 2565 341 2622 ταῦτα
356 2560 495 2642 λεγόντων
512 2564 567 2621 τῶν
582 2558 718 2640 α’γγέλων,
733 2562 760 2618 οἱ
773 2559 872 2636 ἔφοροι

72 2648 151 2708 εἶπαν
171 2648 213 2707 ἐπ’
233 2648 325 2725 ὅρκου,
342 2650 389 2707 καὶ
409 2648 443 2724 δη
464 2649 568 2708 δοκέειν
588 2649 657 2708 εἶναι
677 2646 706 2707 ἐν
721 2646 872 2725 Ὀρεστείῳ

74 2736 234 2817 στείχοντας
255 2737 300 2796 ἐπὶ
319 2737 384 2800 τούς
404 2737 517 2806 ξείνους·
544 2735 662 2815 (ξείνους
680 2735 735 2816 γάρ
756 2735 872 2794 ἐκάλεον

74 2827 134 2891 τούς
146 2824 335 2904 βαρβάρους)
357 2829 383 2884 οἶ
397 2824 426 2883 δὲ
440 2823 476 2886 ὥς
489 2823 539 2883 ούκ
554 2823 654 2887 εἰδότες
668 2822 829 2899 ἐπειρύτεον
839 2822 873 2881 τό

74 2914 232 2995 λεγόμενον,
260 2911 432 2991 ἐπειρόμενοι
459 2911 490 2970 δέ
515 2912 650 2987 ἐξέμαθον
675 2914 732 2968 πᾶν
757 2909 789 2968 τό
817 2908 872 2967 ἐόν·

74 3000 145 3062 ὥστε
159 3009 187 3063 ἐν
201 3003 308 3079 θώματι
321 3000 472 3083 γενόμενοι,
487 2997 650 3076 ἐπορεύοντο
667 2996 720 3071 τήν
735 2996 873 3073 ταχίστην

74 3088 225 3154 διώκοντες·
266 3090 319 3151 σύν
345 3089 377 3148 δέ
402 3094 467 3164 σφι,
492 3090 548 3148 τῶν
574 3085 724 3162 περιοίκων
751 3081 889 3138 mem-

67 3177 172 3253 μονιων
188 3178 310 3260 λογάδες
326 3176 568 3257 πεντακισχίλιοι
579 3161 814 3234 ὸπὶῖιταιτέςυιὶς
823 3159 921 3215 &xxm

62 3262 182 3324 ἐποίεον.
