2024 3450
102 122 149 182 50·
405 109 589 167 Ἦνοιουοι
838 110 901 175 [υτ.

100 197 156 265 δον,
170 194 292 269 ἤλαυνον
305 190 351 250 ἐπὶ
363 190 416 267 τὴν
430 191 569 267 Μίλητον,
582 189 618 249 τά
638 189 716 249 ἄλλα
732 191 902 266 πολίσματα

101 283 165 358 περὶ
182 280 339 342 ἐλάσσονος
354 278 550 354 ποιησόμενοι·
571 281 621 338 τοῦ
642 276 672 336 δὲ
692 280 822 336 ναυτικοῦ
836 281 902 339 Φοί-

101 395 173 431 νικες
192 370 244 444 μὲν
263 366 337 442 ἦσαν
358 365 574 443 προθυμότατον
596 364 851 441 συνεστρατεύοντο
871 366 902 427 δὲ

102 458 147 515 καὶ
172 455 293 532 Κύπριοι
315 454 414 514 νεωστὶ
442 453 688 530 κατεστραμμένοι,
713 453 760 510 καὶ
784 456 901 520 Κίλικές

68 543 85 604 7
99 571 129 603 τε
150 546 195 603 καὶ
209 543 366 625 Αἰγύπτιοι.
410 545 446 601 Οἱ
460 545 511 619 μὲν
529 541 561 617 δὴ
577 541 623 599 ε’πὶ
635 539 686 615 την
701 540 834 615 Μίλητον
855 544 900 602 καὶ

101 632 152 708 τήν
165 632 258 708 ἄλλην
270 631 375 707 Ἰωνίην
392 629 566 706 ἐστράτευον.
602 625 695 689 Ἴωνες
715 626 745 685 δὲ
765 629 899 689 πυνθανό-

102 747 180 796 μενοι
192 724 288 789 ταῦτα,
304 719 427 795 ἔπεμπον
447 716 626 793 προβούλους
645 716 742 789 σφέων
763 714 854 776 αύτῶν
874 722 900 781 ές

103 807 266 868 Πανιώνιον·
287 805 482 882 ἀπικομένοισι
502 804 531 862 δὲ
551 803 677 863 τούτοισι
697 808 724 866 ές
739 808 840 864 τοῦτον
852 803 900 865 τόν

101 900 192 973 χῶρον
213 895 259 953 καὶ
278 893 512 969 βουλευομένοισι
528 891 603 960 ἔδοξε
616 890 700 962 πεζόν
712 892 764 966 μὲν
778 892 900 969 στρατόν

102 983 141 1058 μη
164 982 313 1060 συλλέγειν
335 979 399 1038 άντί
414 1006 461 1038 οον
483 980 624 1056 Πέρσησι,
647 977 724 1036 άλλά
748 978 784 1038 τά
806 981 900 1060 τείχεα

103 1068 219 1144 ῥύεσθαι
234 1066 332 1129 αύτούς
346 1069 516 1146 Μιλησίους·
537 1065 570 1127 τό
584 1067 614 1124 δὲ
628 1064 756 1126 ναυτικόν
773 1071 904 1148 πληροῦνΙ

101 1155 337 1231 ὑπολειπομένους
357 1155 493 1232 μηδεμίαν
515 1159 570 1215 τῶν
597 1160 673 1214 νεῶν·
700 1154 900 1231 πληρώσαντες

103 1244 132 1303 δὲ
153 1244 346 1324 συλλέγεσθαι
361 1243 412 1323 την
424 1245 562 1322 ταχίστην
584 1249 611 1306 ές
623 1242 727 1318 Λάδην,
741 1268 899 1321 προναυμα-

101 1332 243 1411 χήσοντας
256 1331 396 1407 Μιλήτου.
439 1330 457 1406 ἦ
478 1332 507 1390 δὲ
519 1331 599 1407 Λάδη
618 1331 679 1390 ε’σπὶ
692 1334 779 1406 νῆσος
793 1333 898 1410 σμικρὴ

67 1423 85 1478 8
102 1422 146 1480 ἐπὶ
159 1427 194 1501 τῇ
208 1421 277 1495 πόλι
290 1425 326 1501 τῇ
338 1421 488 1496 Μιλησίων
502 1420 621 1496 κειμένη.
663 1419 746 1478 Μετοὶ
760 1419 789 1477 δὲ
802 1423 897 1490 ταῦτα,

102 1510 337 1589 πεπληρωμένῃσι
356 1514 424 1588 τῇσι
443 1509 525 1585 νηυσὶ
545 1512 678 1584 παρῆσαν
692 1509 718 1565 οἱ
726 1505 830 1581 Ἴωνες,
846 1509 898 1569 σύν

103 1597 134 1655 δέ
146 1605 201 1673 σφι
215 1599 261 1657 καὶ
274 1600 398 1658 Αἰολέων
411 1597 437 1657 οἳ
449 1597 567 1673 Λέσβον
581 1596 719 1672 νέμονται·
742 1594 896 1656 ἐτάσσοντο

101 1685 130 1742 δὲ
148 1684 209 1744 ὧδε·
230 1687 262 1745 τό
283 1690 334 1763 μὲν
355 1685 424 1762 πρός
443 1685 495 1761 την
516 1685 550 1742 ἔω
568 1683 643 1762 εἶχον
657 1683 737 1759 κέρας
750 1681 830 1743 ούτοὶ
844 1689 898 1742 Μι-

101 1773 207 1846 λήσιοι,
232 1775 293 1835 νέας
320 1773 505 1851 παρεχόμενοι
532 1770 697 1852 ὀγδώκοντα.
740 1771 849 1850 εἴχοντο
869 1772 898 1830 δὲ

100 1859 217 1916 τουτέων
226 1860 359 1934 Πριηνέες
373 1859 492 1917 δυώδεκα
505 1858 595 1934 νηυσὶ,
611 1859 656 1916 καὶ
666 1857 809 1918 Μυούσιοι
821 1859 898 1936 τρισὶ

60 1984 63 1988 -
101 1943 192 2018 νηυσί·
214 1945 365 2003 Μυουσίων
382 1944 410 2001 δὲ
427 1945 506 2019 Τήῖοι
525 1946 632 2022 εἴχοντο
652 1945 835 2005 ἔπτακαιδεκα
852 1973 897 2022 νη·

100 2033 158 2091 υσί
179 2031 268 2107 Τηίων
290 2032 319 2090 δὲ
341 2032 449 2110 εἴχοντο
463 2035 529 2090 Χῖοι
548 2032 644 2092 ἑκατόν
665 2035 756 2108 νηυσί·
777 2033 848 2110 πρός
868 2034 898 2093 δὲ

99 2120 225 2181 τούτοισι
238 2119 400 2197 Ἐρυθραῖοί
409 2144 441 2178 τε
451 2119 608 2179 ἐτάσσοντο
622 2121 667 2179 καὶ
676 2123 807 2194 Φωκαέες,
819 2120 896 2198 Ἐρυ-

101 2209 193 2284 θραῖοι
206 2211 258 2284 μὲν
272 2206 343 2267 όκτώ
357 2207 419 2268 νέας
434 2207 621 2286 παρεχόμενοι
634 2210 758 2271 Φωκαέες
773 2209 803 2268 δὲ
815 2210 897 2286 τρεῖς.

100 2296 233 2354 Φωκαέων
249 2295 284 2353 ’δὲ
308 2295 415 2371 εἴχοντο
439 2295 562 2371 Λέσβιοι
589 2297 670 2370 νηυσὶ
695 2295 897 2373 ἑβδομήκοντα.

100 2385 253 2440 τελευταῖοι
274 2381 303 2440 δὲ
325 2380 480 2442 ἐτάσσοντο
503 2384 611 2460 ἔχοντες
631 2383 664 2441 τό
686 2377 757 2459 πρός
778 2385 898 2462 ἑσπέρην

101 2470 181 2545 κέρας
204 2469 305 2546 Σάμιοι
324 2468 456 2545 ἑξήκοντα
477 2471 568 2546 νηυσί.
609 2471 723 2528 πασέων
739 2471 768 2528 δὲ
781 2472 899 2531 τουτέων

101 2556 116 2615 ό
130 2557 244 2633 σύμπας
265 2556 382 2635 ἀριθμός
396 2560 503 2638 ε’γένετο
522 2562 595 2635 τρεῖς
609 2561 654 2617 καὶ
667 2557 839 2633 πεντήκοντα
854 2560 899 2619 καὶ

67 2643 256 2719 9τριηκόσιαι
276 2645 408 2722 τριήρεες·
431 2645 512 2707 αὗται
530 2644 692 2723 μένἸώνων
712 2645 797 2721 ἦσαν.
838 2650 900 2707 Τῶν

102 2731 132 2789 δὲ
148 2733 304 2809 βαρβάρων
324 2732 356 2793 τό
378 2736 487 2810 πλῆθος
499 2737 554 2793 τῶν
568 2737 635 2794 νεών
648 2732 722 2808 ἦσαν
745 2733 899 2803 ἑξακόσιαι.

102 2817 137 2881 ὥς
153 2819 182 2877 δὲ
201 2820 246 2877 καὶ
263 2818 343 2879 αὗται
361 2820 479 2881 άπίκατο
498 2820 567 2897 πρδς
582 2821 634 2897 τήν
647 2822 797 2897 Μιλησίην
817 2821 863 2880 καὶ
884 2821 900 2881 ό

39 2904 41 2908 ⁴
102 2906 184 2979 πεζός
202 2914 258 2983 σφι
277 2906 351 2969 ἄπας
365 2912 466 2985 παρῆν,
480 2909 598 2968 ἐνθαῦτα
619 2912 645 2968 οἱ
659 2910 794 2986 Περσέων
814 2934 900 2987 στραε

103 2997 184 3077 τηγοὶ
197 2994 350 3071 πυθόμενοι
362 2996 396 3055 τό
409 2997 519 3071 πλῆθος
531 3000 586 3056 τῶν
598 2995 694 3056 Ἰάδων
709 3001 785 3066 νεών,
801 3022 900 3073 καταρ-

94 3084 232 3162 μοίδησαν
241 3083 285 3162 μη
299 3082 331 3144 ού
345 3083 456 3144 δυνατοὶ
468 3084 601 3166 γένωνται
615 3083 841 3160 ύπερβαλέσθοι,
855 3086 900 3144 καὶ

84 3171 159 3231 οὕτω
173 3172 241 3234 ούτε
254 3173 308 3253 τήν
322 3176 460 3254 Μίλητον
475 3173 531 3234 οἷοί
544 3198 577 3233 τε
590 3174 660 3232 ’έωσι
677 3170 783 3237 ἐξελεῖν
808 3169 846 3240 μὴ
867 3168 919 3223 οἰκ

70 3255 171 3326 ε’όνπες
189 3267 403 3348 ναυκράτορες,
425 3264 502 3345 πρός
523 3290 557 3323 τε
582 3255 707 3332 Δαρείου
733 3251 938 3307 κινδυνεύσωσι
