2024 3450
159 99 206 148 836
461 95 643 144 ἨΡΟΔΟΤΟΤ
885 96 945 159 [IX.

153 182 181 239 ἐς
198 177 255 233 πᾶν
268 171 322 249 ἤδη
340 175 425 232 κακοῦ
441 170 589 254 α’πιγμένοι
605 171 689 247 ἦσαν,
708 170 778 233 οὕτω
797 172 870 232 ὥστε
886 175 949 237 τοὺς

151 257 254 324 τόνους
268 260 381 338 ἕψοντες
399 264 454 320 τῶν
474 262 588 320 κλινέων
609 261 760 321 ἐσιτέοντο·
787 262 851 319 ἐπεί
868 287 898 321 τε
920 263 949 322 δὲ

153 349 214 408 οΰδέ
233 352 321 408 ταῦτα
341 350 381 408 ἐτι
402 348 485 427 εἶχον,
503 348 573 408 οὕτω
594 350 627 425 δὴ
645 348 700 409 ΰπὸ
721 349 805 408 νύκτα
826 349 949 428 οἴχονται

152 436 320 515 ἀποδράντες
341 437 420 496 οἵτε
442 437 553 513 Πέρσαι
574 437 620 495 καὶ
641 437 656 496 ό
677 436 847 513 Ἀρταΰκτης
868 439 913 497 καὶ
933 438 949 498 ό

154 524 302 602 Οἰόβαζος,
316 523 419 584 ὄπισθε
431 528 481 584 τοῦ
493 525 599 602 τείχεος
613 524 784 600 καταβάντες
796 529 832 603 τῇ
845 524 879 600 ἦν
890 532 949 603 ἔρη.

151 614 274 691 μότατον
297 617 352 673 τῶν
375 613 525 689 πολεμίων·
559 611 593 674 ιΰς
615 613 644 671 δέ
664 611 764 689 ἡμέρη.
779 614 895 693 ἐγένετο,
924 619 949 674 οἱ

154 706 362 780 Χερσονησῖται
375 700 431 760 άπό
440 703 495 760 τῶν
504 700 616 780 πΰργων
627 700 769 778 ἐσήμηναν
781 704 858 759 τοῖσι
867 700 949 777 Ἀθη

152 791 256 850 ναίοισι
268 790 301 850 τό
314 789 429 870 γεγονός
442 788 489 846 καὶ
502 788 552 851 τοὶς
564 788 654 851 πΰλος
671 787 790 857 ἄνοιξαν·
812 793 868 847 τῶν
881 789 910 847 δέ
924 794 950 848 οἱ

107 877 162 936 119
171 881 223 953 μὲν
240 881 356 940 πλεῦνες
378 877 496 946 ἐδίωκον,
512 879 539 934 οἶ
553 876 582 934 δὲ
594 876 646 950 τήν
658 875 743 935 πόλιν
757 875 842 953 εἶχον.
887 876 950 935 Οἰό-

151 966 241 1040 βαζον
259 965 311 1040 μέν
327 990 375 1023 νυν
397 963 554 1043 ἐκφυγόντα
573 969 600 1024 ἐς
620 963 671 1038 την
693 964 815 1039 Θρηίκην
834 963 951 1038 Θρήϊκες

150 1049 290 1128 Ἀψίνθιοι
316 1050 454 1126 λαβόντες
482 1050 585 1110 ἔθυσαν
615 1050 787 1129 Πλειστώρῳ
815 1054 950 1130 ἐπιχωρίῳ

152 1139 213 1216 θεῷ,
226 1139 319 1218 τρόπῳ
331 1143 370 1216 τῷ
385 1139 523 1217 σφετέρῳ·
543 1138 608 1201 τοΰς
624 1139 654 1197 δέ
672 1138 731 1216 μετ’
746 1139 857 1208 ἐκείνου,
871 1138 950 1218 ἄλλῳ

150 1225 245 1306 τρόπῳ
259 1225 422 1302 ἐφόνευσαν·
444 1228 470 1285 οἱ
490 1225 519 1284 δέ
535 1225 610 1302 ἀμφὶ
625 1226 674 1286 τόν
686 1227 859 1302 Ἀρταΰκτην
871 1226 950 1286 ὕστε-

153 1340 198 1390 ροι
211 1312 377 1392 ὁρμηθέντες
390 1314 511 1396 φεύγειν,
523 1314 568 1372 καὶ
582 1314 616 1376 οἷς
631 1314 879 1389 κατελαμβάνοντο
892 1314 950 1374 ὀλί-

150 1426 197 1481 γοι
211 1402 299 1465 ἐόντες
316 1401 386 1478 ΰπέρ
404 1401 491 1482 Αἶγὸς
510 1405 657 1477 Ποταμῶν,
673 1400 836 1476 ἀλεξόμενοι
849 1402 950 1480 χρόνον

152 1489 197 1547 ἐπὶ
215 1489 327 1568 συχνόν,
344 1493 370 1548 οἱ
385 1491 437 1566 μὲν
453 1488 592 1548 ἀπέθανον
606 1491 632 1547 οἱ
646 1488 675 1547 δὲ
689 1490 786 1558 ζῶντες
803 1488 949 1565 ἐλάμφθη-

151 1601 216 1637 σαν·
237 1577 283 1635 καὶ
310 1575 498 1651 συνδήσαντές
517 1583 609 1652 σφεας
630 1579 656 1635 οἱ
671 1575 810 1649 Ἕλληνες
833 1576 903 1657 ἦγον
920 1585 946 1642 ἐς

152 1664 273 1741 Σηστόν·
299 1664 358 1742 μετ’
380 1664 469 1724 αὐτῶν
490 1664 520 1723 δέ
540 1666 585 1723 καὶ
606 1663 777 1741 Ἀρταΰκτην
798 1663 947 1740 δεδεμένον,

105 1753 162 1809 120
171 1751 254 1811 αὐτόν
266 1779 297 1813 τε
311 1752 356 1810 καὶ
366 1752 416 1812 τόν
426 1752 513 1811 παῖδα
522 1751 616 1811 αὐτοῦ.
646 1752 706 1810 Καί
713 1776 764 1830 τεῳ
773 1755 828 1810 τῶν
839 1756 948 1827 φυλασ-

151 1863 258 1898 σοντων
277 1839 390 1919 λέγεται
409 1839 463 1898 ὖπὸ
488 1838 727 1916 Χερσονησιτέων,
749 1840 879 1916 ταρίχους
900 1839 948 1899 ὄπ-

150 1927 231 1985 τῶντι
254 1926 334 2005 τέρας
354 1926 485 2007 γενέσθαι
508 1927 624 1987 τοιόνδε·
654 1929 680 1985 οἱ
701 1924 811 2004 τάριχοι
839 1926 886 1985 ἐπὶ
912 1930 949 2005 τῷ

150 2014 216 2090 πυρὶ
234 2015 354 2091 κείμενοι
372 2013 531 2074 ἐπάλλοντό
543 2040 574 2074 τε
588 2015 634 2073 καὶ
647 2013 795 2090 ἤσπαιρον,
810 2012 880 2078 ὅκως
893 2039 949 2090 περ

152 2100 243 2178 ἰχθύες
256 2101 415 2162 νεοάλωτοι·
434 2102 480 2160 καὶ
494 2105 521 2161 οἱ
533 2105 585 2178 μέν
594 2102 786 2180 περιχυθέντες
799 2101 949 2176 ἐθιόμαζον·

151 2188 167 2246 ό
196 2188 225 2247 δέ
250 2188 420 2265 Ἀρταΰκτης
443 2189 479 2252 οἷς
506 2187 560 2248 εἶδε
581 2189 614 2248 τὰ
638 2190 727 2264 τέρας,
752 2188 875 2250 καλέσας
901 2188 951 2248 τόν

151 2272 278 2335 ὀπτῶντα
295 2274 360 2337 τοΰς
372 2276 502 2352 ταρίχους
516 2277 580 2350 ἐφη·
602 2286 619 2311 “
629 2276 699 2346 ξεῖνε
711 2275 849 2351 Ἀθηναῖε,
863 2276 952 2352 μηδὲν

152 2361 245 2435 φοβέο
268 2361 301 2419 τό
320 2361 401 2436 τέρας
420 2365 514 2420 τοῦτο·
545 2362 577 2420 οΰ
597 2363 652 2443 γὰρ
672 2363 719 2422 σοὶ
739 2364 856 2440 πέφηνε·
884 2361 950 2420 ἀλλ’

150 2448 212 2524 ἐμοὶ
235 2448 365 2524 σημαίνει
393 2446 408 2507 ό
436 2453 465 2507 ἐν
490 2447 649 2510 Ἐλαιοῦντι
676 2451 883 2526 Πρωτεσίλεως,
908 2447 951 2508 ὅτι

114 2592 116 2597 ,
154 2536 199 2594 καὶ
212 2534 326 2598 τεθνεώς
339 2535 385 2594 καὶ
402 2535 518 2615 τάριχος
531 2536 581 2596 ἐιδν
595 2536 709 2614 δύναμιν
727 2536 798 2614 πρός
812 2537 880 2596 θεῶν
894 2537 952 2615 ἔχει

149 2621 200 2682 τόν
212 2623 356 2683 ἀδικέοντα
368 2624 503 2685 τίνεσθαι·
518 2629 567 2685 νῦν
580 2623 617 2684 ὦν
631 2624 733 2685 ἄποινά
746 2628 773 2684 οἱ
784 2623 851 2684 τάδε
864 2624 951 2682 ἐθέλω

153 2710 295 2770 ἐπιθεῖναι·
323 2708 385 2770 ἀντὶ
406 2714 457 2789 μὲν
475 2711 626 2790 χρημάτων
645 2716 701 2772 τῶν
722 2712 828 2787 ἔλαβον
849 2715 879 2768 ἐκ
900 2710 951 2770 τοῦ

152 2799 220 2875 ἶμοῦ,
242 2797 339 2858 ἐκατόν
359 2797 484 2858 τάλαντα
509 2801 666 2860 καταθεῖναι
686 2804 725 2878 τῷ
749 2800 811 2877 θεῷ·
842 2796 904 2858 ἀντὶ
929 2796 952 2856 δ’

113 2942 115 2946 ⁴
151 2890 287 2962 ἐμεωυτοῦ
301 2887 347 2945 καὶ
359 2891 410 2946 τοῦ
423 2887 521 2951 παιδός
534 2886 671 2947 άποδιόσω
684 2886 808 2946 τάλαντα
822 2883 954 2960 διηκόσια

145 2969 333 3054 Ἀθηναίοισι,
365 2973 600 3057 περιγενόμενος.”
640 2978 728 3033 ταῦτα
752 2971 953 3050 ὑπισχόμενος,

69 3082 72 3143 j
132 3062 188 3126 τόν
200 3067 374 3152 στρατηγὸν
388 3065 556 3132 Ξάνθιππον
572 3061 622 3122 οΰκ
632 3061 731 3120 ἐπειθε·
754 3063 781 3118 οἰ
789 3059 845 3137 χεὶρ
856 3059 955 3119 Ἐλαι-

69 3182 71 3191 .
124 3153 230 3219 οΰσιοι
246 3163 287 3242 τῷ
304 3143 823 3241 Πρωτεσίλεωτιμωρὲοντεςἐδέοντό
833 3167 877 3246 μιν
888 3168 970 3246 κεκτη.

110 3250 315 3330 Χρησθῆναι,
341 3253 393 3316 καὶ
417 3248 514 3314 αΰτοῦ
534 3245 590 3308 τοῦ
613 3234 780 3318 ommi&
793 3248 886 3298 mm
898 3251 915 3282 δέ
927 3249 993 3285 W*
