2024 3450
119 112 151 158 86
199 154 203 162 ,
432 110 614 158 ἨΡΟΔΟΤΟΤ
858 109 920 173 [VI.

117 188 204 265 μένην
223 187 238 248 ά
256 186 401 264 Ἀρίστων,
422 188 507 265 ἐμαθε
527 187 563 252 οἷς
581 189 657 249 θεῖον
674 188 717 264 εἴη
737 187 770 248 τὰ
794 192 919 269 πρῆγμα

119 276 165 334 καὶ
184 280 268 336 τοῦτο
283 277 335 353 μὲν
352 278 379 334 οἱ
396 277 534 351 στέφανοι
555 275 700 352 ἐφάνησαν
716 274 806 340 ἐόντες
823 281 853 335 ἐκ
871 281 922 338 τοῦ

118 364 219 440 ἡρωίου
232 367 282 425 τοῦ
300 366 377 442 παρά
389 367 459 442 τῇσι
472 363 576 442 θύρῃσι
588 368 657 442 τῇσι
669 363 800 441 αὐλείῃσι
815 364 922 441 ἱδρυμέ-

118 478 176 512 νου·
191 452 236 532 (τά
250 453 385 512 καλέουσι
394 451 617 530 Ἀστραβάκου)
631 451 757 510 τοῦτοδὲ
771 454 797 510 οί
808 451 921 527 μάντιες

120 540 169 600 τόν
186 539 269 600 αύτδν
287 544 387 602 τοῦτον
405 539 482 616 ἥρωα
494 539 621 616 άναίρεον
635 538 714 598 εἶναι.
756 538 827 598 οὕτω
842 540 922 615 δηξῶ

117 632 178 697 παῖ,
193 629 264 706 ἔχεις
278 632 335 687 πᾶν
349 627 419 688 ὅσον
431 653 459 687 τι
473 627 518 685 καὶ
530 626 651 702 βούλεαι
664 627 813 686 πυθέσθαι·
833 625 920 708 ἢγάρ

121 721 151 774 ἐκ
164 719 214 776 τοῦ
228 716 316 792 ἥρωος
329 715 428 774 τούτου
440 715 557 795 γέγονας
567 715 616 772 καί
622 739 667 776 τοι
677 713 769 790 πατήρ
780 717 842 774 ἐστι
851 714 920 774 Ἀσ-

120 803 263 881 τράβακος
280 802 296 861 ὁ
315 802 394 879 ἥρως,
414 800 431 878 ἢ
447 801 593 878 Ἀρίστων·
616 805 645 861 ἐν
662 800 717 882 γάρ
736 827 771 860 σε
788 805 825 879 τῇ
843 806 920 862 νυκτὶ

118 891 207 969 ταύτῃ
221 890 393 966 ἀναιρέομαι.
426 894 462 968 τῇ
476 890 507 948 δέ
519 915 570 949 σευ
586 888 714 966 μάλιστα
733 888 919 949 κατάπτονται

118 981 146 1036 οἶ
165 978 269 1056 ἐχθροὶ,
288 977 417 1056 λέγοντες
435 977 470 1040 οἷς
485 976 569 1041 αύτὸς
587 977 603 1036 ὁ
619 976 764 1052 Ἀρίστων,
779 975 826 1036 ὅτε
844 977 919 1056 αύτῷ

117 1064 156 1124 σύ
183 1063 325 1145 ἠγγέλθης
344 1065 549 1145 γέγεννημένος,
570 1067 688 1123 πολλῶν
709 1062 864 1124 άκουάντων
885 1065 918 1124 ού

119 1152 225 1228 φήσειέ
253 1178 287 1211 σε
316 1155 416 1213 ἑωυτοῦ
445 1153 522 1222 εἶναι,
545 1152 605 1232 (τάν
627 1151 730 1229 χρόνον
758 1151 822 1232 γάρ,
854 1154 919 1215 τούς

118 1240 186 1300 δέκα
203 1243 300 1317 μῆνας,
320 1239 384 1299 ούδέ
402 1266 440 1298 κω
459 1240 584 1318 ἐξήκειν,)
598 1238 708 1316 άῐδρηίη
721 1241 776 1299 τῶν
788 1240 918 1299 τοιούτων

120 1332 207 1392 κεῖνος
219 1332 303 1388 τοῦτο
316 1326 452 1405 οἷπέρριψε
460 1328 494 1388 τὸ
505 1328 579 1390 ἐπος·
592 1328 718 1387 τίκτουσι
727 1326 782 1407 γάρ
792 1331 918 1406 γυναῖκες

120 1417 167 1476 καὶ
190 1415 341 1492 ἐννεάμηνα
368 1418 413 1476 καὶ
437 1414 590 1493 ἑπτάμηνα,
615 1415 661 1473 καὶ
684 1413 716 1473 οὐ
738 1417 828 1473 πᾶσαι
852 1414 918 1473 δέκα

119 1508 209 1581 μῆνας
233 1504 429 1588 ἐκτελέσασαι·
451 1503 505 1585 ἐγῶ
521 1503 551 1563 δέ
572 1506 617 1573 σέ,
638 1500 659 1561 ὦ
680 1505 740 1571 παῖ,
760 1500 918 1578 ἑπτάμηνον

438 1591 535 1614 ’ΧΗ

119 1593 221 1660 ἔτεκον·
236 1593 304 1674 ἔγνω
314 1593 344 1653 δέ
354 1594 400 1659 καὶ
411 1618 493 1657 αυτος
502 1620 518 1652 ο
537 1593 666 1670 Αρίστων
680 1589 712 1660 ου’
725 1589 797 1666 μετά
807 1589 918 1648 πολλὰν

257 1680 415 1704 ῑὶΙὶ

118 1680 229 1759 χρόνον,
244 1707 279 1744 ως
291 1707 370 1760 ανοιη
383 1708 416 1742 το
431 1682 495 1744 ἐπος
515 1681 634 1756 ἐκβάλοι
649 1683 743 1740 τοῦτο.
772 1676 874 1757 λόγους
888 1677 917 1734 δὲ

119 1767 226 1832 ἄλλους
238 1769 302 1845 περὶ
314 1769 440 1848 γενέσιος
452 1772 502 1843 τῆς
516 1773 638 1827 σεωυτοῦ
651 1766 691 1843 μή
706 1765 793 1824 δέκεο·
814 1764 850 1822 τά
862 1764 917 1844 γάρ

120 1855 302 1930 ἀληθέστατα
314 1854 406 1914 πάντα
419 1854 549 1928 άκήκοας.
581 1859 611 1912 ἐκ
625 1855 654 1912 δέ
667 1854 834 1929 ὀνοφορβῶν
845 1851 918 1929 αύτῷ

121 1968 152 2002 τε
172 1941 327 2020 Λευτυχίδῃ
349 1941 395 2000 καὶ
414 1945 492 2001 τοῖσι
510 1944 598 1999 ταῦτα
619 1939 736 2018 λέγουσι
751 1941 869 1998 τίκτοιεν
889 1943 918 1998 αἱ

373 2027 436 2048 „8

73 2032 111 2091 70
120 2035 246 2111 γυναῖκες
263 2030 372 2092 παῖδας.
437 2033 466 2086 Η
487 2029 539 2102 μέν
563 2026 596 2101 δὴ
618 2030 704 2084 ταῦτα
731 2026 819 2104 ἔλεγε·
852 2025 868 2083 ὁ
889 2028 918 2086 δὲ

113 2117 275 2195 πυθόμενός
292 2143 323 2177 τε
343 2116 379 2176 τά
400 2114 536 2191 ἐβούλετο
554 2114 600 2184 καὶ
618 2110 716 2172 ἐπόδια
732 2109 840 2187 λαβῶν,
855 2117 918 2173 ἐπο-

120 2206 217 2285 ρεύετο
232 2205 355 2269 ἐςἨλιν
365 2207 403 2282 τῷ
416 2202 500 2282 λόγῳ,
515 2201 572 2276 φάς
585 2199 620 2264 οἷς
631 2206 658 2264 ἐς
671 2198 804 2276 Δελφούς
813 2201 918 2278 χρησά-

120 2318 203 2370 μενος
210 2297 248 2370 τῷ
254 2291 415 2371 χρηστηρίῳ
423 2287 577 2367 πορεύεται.
591 2288 805 2365 Λακεδαιμόνιοι
813 2289 842 2347 δὲ
852 2289 917 2349 ὐπο-

120 2379 286 2456 τοπηθέντες
300 2377 471 2454 Δημάρητον
488 2376 604 2456 δρησμῷ
616 2375 786 2456 ἐπιχειρέειν,
798 2377 918 2436 ἐδίωκον·

121 2469 170 2527 καί
183 2493 235 2530 κως
252 2467 325 2542 ἔφθη
344 2471 371 2529 ἐς
389 2464 530 2526 Ζάκυνθον
548 2464 650 2542 διαβάς
666 2464 681 2523 ά
703 2463 871 2542 Δημάρητος
889 2469 918 2521 ἐκ

122 2554 305 2630 τῆςἭλιδος·
317 2552 508 2629 ἐπιδιαβάντες
522 2553 551 2613 δέ
564 2556 591 2613 οἱ
601 2551 822 2629 Λακεδαιμόνιοι,
834 2550 919 2610 αὐτοῦ

122 2667 154 2703 τε
167 2639 287 2701 ἅπτοντο
308 2643 354 2700 καὶ
369 2641 434 2704 τούς
451 2640 621 2720 θεράποντας
638 2639 723 2700 αύτδν
743 2638 918 2716 άπαιρέοντο·

120 2729 192 2806 μετά
211 2730 249 2800 δὲ,
263 2728 295 2788 ού
308 2729 363 2810 γάρ
382 2729 542 2798 ἐξεδίδοσαν
557 2728 641 2789 αύτὸν
657 2730 684 2788 οἱ
703 2726 857 2796 Ζακύνθιοι,
879 2730 918 2785 ἐν·

122 2819 218 2878 θεΰτεν
225 2818 362 2893 διαβαίνει
371 2815 563 2893 ε’ςτῆνἈσίην
570 2815 647 2893 παρά
654 2815 781 2893 βασιλέα
790 2817 919 2890 Δαρεῖον·

122 2905 138 2967 ά
152 2907 182 2966 δέ
195 2905 346 2976 ύπεδέξατά
357 2931 388 2964 τε
401 2903 485 2964 αύτδν
501 2905 673 2986 μεγαλωστὶ,
693 2904 738 2962 καὶ
756 2907 810 2983 γῆν
827 2928 857 2960 τε
875 2901 921 2959 καὶ

113 2995 202 3058 πόλις
214 2995 305 3054 ἔδωκε.
326 2992 397 3053 οὕτω
407 2991 521 3052 άπίκετο
535 2996 562 3056 ἐς
574 2990 627 3067 τὴν
638 2989 739 3067 Ἀσίην
754 2989 921 3066 Δημάρητος

96 3080 150 3136 καί
170 3083 292 3165 τοιαύτη
309 3081 502 3164 χρησάμενος
518 3078 602 3162 τύχῃ,
619 3078 699 3140 ἄλλα
713 3104 746 3139 τε
760 3077 925 3149 Δακεδαιμο-

80 3164 177 3228 ¹¹th
187 3173 290 3253 συχνά
300 3174 426 3258 ἔργοισί
431 3199 464 3237 τε
475 3169 676 3256 καὶγνιίιμησι
685 3160 948 3238 ἀπολαμπρυνθὲιῖι

65 3247 101 3298 ‘⁹¹‘
120 3250 158 3310 δὲ
175 3257 217 3332 3⁷)
236 3263 289 3323 καὶ
306 3263 518 3344 Ὀλυμπιάδα
537 3266 603 3342 σφι
619 3254 800 3334 άνελόμιενῡῖ
814 3245 966 3320 “²09sz
