2024 3450
115 107 256 172 τοο-ιιι]
435 109 588 156 mmm.
868 109 915 159 ιιι

113 192 142 251 ἐς
164 187 217 264 την
241 190 350 246 ἑωυτοῦ·
382 186 414 246 τό
439 188 565 247 ἐνθεῦτεν
588 187 617 245 δὲ
643 188 708 264 περὶ
735 189 784 262 τῆς
811 186 915 246 ἐκείνου

113 276 259 335 ποιέεσθαι
272 274 325 351 ἤδη
338 274 387 335 τόν
399 275 493 354 ἀγῶνα
504 275 631 351 ε’κέλευε.Ι
651 274 752 350 ταότης
766 275 795 334 δὲ
807 275 915 354 εἴχοντο

112 366 163 438 τῆς
174 362 285 444 γνώμης
299 363 344 421 καὶ
363 362 601 436 Πελοποννησίων
613 364 668 421 τῶν
682 361 777 422 ἀλλων
791 365 817 422 οἶ
831 389 914 440 στρα-

113 452 203 530 τηγοί.
234 450 283 513 Ὡς
296 451 325 508 δὲ
340 451 424 526 ἔμαθε
438 448 481 508 ὅτι
495 448 527 508 οὔ
540 449 633 508 πείσει
645 447 710 510 τοιίς
721 475 754 528 γε
768 449 894 513 πολλοῦς
904 451 961 510 109
989 477 990 480 ’

112 537 217 598 πλώειν
231 543 258 601 ές
271 536 321 598 τόν
334 536 550 612 ’Ἑλλήσποντον
566 535 582 596 ό
599 535 818 610 Θεμιστοκλέης,
832 562 914 611 μετα-

112 625 213 699 βαλών
235 624 307 701 πρός
327 623 391 687 τούς
409 621 692 699 Ἀθηναίους-οὗτοι
711 621 766 702 γάρ
787 621 916 697 μάλιστα

113 710 324 791 ἐκπεφευγότων
341 711 547 787 περιημέκτεον,
562 709 683 787 ὁρμέατό
701 734 731 769 τε
745 714 773 772 ἒς
789 707 839 768 τόν
850 708 916 768 Ἑλ-

112 797 275 872 λήσποντον
288 797 392 857 πλώειν
406 798 451 856 καὶ
466 798 511 856 ε’πὶ
522 799 619 873 σφέων
629 797 719 856 αὐτῶν
728 795 915 873 βαλλόμενοι,

112 888 137 942 εἰ
151 883 239 944 ὧλλοι
251 884 292 961 μή
305 885 582 966 βουλοίατο-ἔλεγέ
595 891 650 961 σφι
660 884 735 944 τάδε·
750 894 768 919 “
776 884 823 943 καὶ
833 882 916 946 αὐτός

111 970 165 1048 ἤδη
178 977 316 1033 πολλοῖσι
329 973 529 1055 παρεγενόμην,
545 974 591 1032 καὶ
604 977 703 1051 πολλῷ
716 973 794 1032 πλέω
808 970 915 1048 ἀκήκοα

111 1059 205 1120 τοιάδε
220 1061 361 1142 γενέσθαι·
382 1059 482 1138 ἀνδρας
496 1065 524 1125 ές
537 1060 689 1141 ἀναγκαίην
705 1060 914 1136 ἀπειληθέντας,

111 1149 301 1226 νενικημένους
318 1148 518 1228 ἀναμάχεσθαί
531 1174 562 1209 τε
578 1149 624 1207 καὶ
638 1148 850 1225 ἀναλαμβάνειν
863 1147 915 1224 τὴν

110 1238 247 1314 προτέρην
258 1235 405 1313 κακότητα·
418 1236 499 1312 ἡμεῖς
512 1237 549 1305 δὲ,
563 1234 750 1316 (εὕρημαγάρ
762 1234 914 1311 εἰρήκαμεν

110 1321 198 1397 ἡμέας
216 1350 247 1382 τε
269 1323 368 1387 αὐτοῦς
390 1324 435 1381 καὶ
457 1322 508 1398 την
527 1322 663 1391 Ἑλλάδα,
688 1322 773 1396 νέφος
792 1325 913 1381 τοσοῦτο

110 1408 261 1487 ἀνθρώπων
284 1409 478 1488 ἀνωσάμενοι,)
499 1409 540 1486 μή
565 1408 702 1484 διώκωμεν
725 1407 825 1485 ἀνδρας
847 1409 913 1483 φειί-

115 1518 220 1573 γοντας·
247 1497 313 1556 τάδε
332 1488 387 1577 γάρ
409 1496 458 1555 οὐκ
478 1496 559 1571 ἡμεῖς
579 1494 819 1575 κατεργασάμεθα,
836 1495 914 1554 ἀλλά

112 1582 173 1641 θεοί
190 1608 220 1643 τε
241 1584 287 1642 καὶ
306 1582 399 1659 ἥρωες,
422 1583 448 1642 οἳ
469 1581 632 1658 ἐφθόνησαν
645 1582 730 1660 ἀνδρα
751 1583 798 1642 ἕνα
812 1587 865 1658 Ἰτῆς
882 1609 913 1643 τε

111 1667 210 1745 Ἀσίης
226 1671 271 1728 καὶ
287 1673 338 1745 τῆς
353 1670 488 1746 Εὐρώπης
506 1671 689 1746 βασιλεῦσαι,
705 1669 786 1730 ε’όντα
799 1669 914 1730 ἀνόσιόν

112 1781 142 1814 τε
155 1758 202 1816 καὶ
215 1756 389 1817 ἀτάσθαλον·
411 1757 442 1821 ὃς
455 1757 533 1817 τότε
548 1758 592 1835 ἱροὶ
607 1758 653 1816 καὶ
666 1758 701 1816 τό
715 1759 771 1816 ἴδια
785 1763 814 1818 έν
828 1757 913 1837 ὁμοίῳ
987 1789 989 1792 >

112 1844 242 1915 ἐποιέετο,
258 1844 396 1921 ἐμπιπράς
413 1871 444 1905 τε
462 1846 508 1904 καὶ
522 1845 713 1920 καταβάλλων
726 1850 781 1905 τών
797 1847 866 1906 θεῶν
878 1845 914 1905 τά

111 1929 271 2011 ἀγάλματα·
298 1931 329 1994 ἀς
349 1932 396 1991 καὶ
420 1931 473 2008 την
507 1932 660 1993 θάλασσαν
692 1932 912 2013 ἀπεμαστίγωσε

111 2018 195 2082 πέδας
215 2046 246 2079 τε
267 2023 375 2095 κατῆκε
418 2019 484 2078 ἀλλ’
505 2019 534 2079 εὗ
554 2019 610 2101 γάρ
631 2022 689 2098 ἔχει
710 2025 737 2082 ἐς
757 2020 790 2079 τό
809 2020 913 2096 παρεόν

110 2105 185 2181 η’μῖν,
200 2111 249 2168 νῦν
262 2111 314 2184 μὲν
328 2112 357 2168 ε’ν
368 2111 405 2186 ’τῇ
414 2106 534 2166 Ἐλλάδι
548 2108 764 2183 καταμείναντας
776 2107 869 2184 ἡμέων
881 2132 911 2165 τε

110 2192 199 2255 αὐτῶν
213 2196 414 2273 ἐπιμεληθῆναι
428 2195 474 2254 καὶ
487 2200 542 2255 τῶν
555 2195 689 2255 οἰκετέων·
712 2195 760 2253 καί
770 2220 812 2258 τις
826 2195 913 2270 οἰκίην

109 2307 140 2340 τε
162 2281 376 2343 ἀναπλασάσθω
399 2283 445 2342 καὶ
466 2281 575 2360 σπόρου
598 2281 704 2345 ἀνακῶς
731 2283 824 2361 ἐχέτω,
845 2308 913 2343 παν-

98 2370 210 2434 τελέως
230 2371 376 2434 ἀπελάσας
396 2371 446 2431 τόν
470 2371 631 2449 βάρβαρον·
664 2370 722 2447 ἅμα
745 2372 774 2430 δὲ
794 2375 833 2450 τῷ
854 2373 912 2448 ἔαρι

111 2460 310 2536 καταπλέωμεν
324 2460 369 2518 ε’πὶ
382 2451 598 2535 Ἑλλησπόντου
612 2461 658 2518 καὶ
667 2457 796 2534 Ἰωνίης.”
825 2464 913 2518 ταῦτα

111 2545 191 2624 ἔλεγε
208 2544 353 2621 ἀποθήκην
371 2548 484 2623 μέλλων
498 2546 669 2621 ποιήσεσθαι
683 2552 710 2609 ἐς
723 2546 773 2606 τόν
786 2546 911 2624 Πέρσεα·

112 2631 163 2701 ἵνα,
188 2630 223 2708 ἢν
245 2631 300 2710 ἀρα
317 2633 348 2692 τί
366 2659 414 2710 μιν
438 2632 643 2710 καταλαμβάνῃ
671 2632 740 2710 πρός
760 2633 913 2709 Ἀθηναίων

110 2718 207 2792 πόθος,
223 2720 273 2799 έχη
287 2719 485 2797 ἀποστροφήν·
506 2719 594 2796 τάπερ
608 2719 644 2779 ὦν
659 2722 704 2779 καὶ
718 2720 833 2801 ε’γένετο.

151 2808 360 2884 Θεμιστοκλέης
372 2810 424 2883 μὲν
436 2811 524 2868 ταῦτα
537 2807 627 2886 λέγων
641 2807 788 2882 διέβαλλε·
809 2807 890 2883 Ἀθη·
903 2811 959 2866 110

110 2896 182 2953 ναῖοι
200 2895 230 2954 δὲ
249 2896 401 2955 ε’πείθοντο·
422 2894 516 2970 ἐπειδὴ
529 2893 593 2974 γάρ,
609 2896 655 2953 καὶ
668 2894 805 2970 πρότερον
821 2895 919 2964 δεδαη-

107 2981 192 3055 μένος
205 2981 272 3048 εἲναι
286 2983 388 3060 σοφός,
403 2984 497 3062 ε’φάνη
518 2984 570 3045 ἐών
586 2982 720 3059 ἀληθέως
734 2975 838 3048 ⁰0&-
847 2995 887 3027 ‘2
900 2969 954 3020 *ὦ

99 3064 244 3140 εόβουλος,
270 3073 385 3139 πάντως
404 3079 523 3155 ἑτοῖμοι
543 3072 628 3151 ἦσαν
647 3068 779 3146 mm*
794 3046 1011 3193 θείῶωἳζῖι

105 3149 113 3168 τ
173 3155 180 3176 ι
232 3156 244 3181 τ
288 3163 297 3183 ι
336 3167 345 3186 ε
385 3165 392 3185 τ
773 3157 891 3200 omkffl

844 3245 863 3275 ε
890 3214 1010 3282 ΨΜ·

86 3176 124 3210 ως
150 3153 182 3211 δε
210 3183 291 3219 ουτοι
315 3190 345 3223 οι
375 3166 614 3249 ανεγνωσμένοι
639 3159 741 3235 ἦσαν’

75 3241 165 3312 Ῑᾳῧῑα
196 3243 216 3319 φ’
244 3254 490 3337 Θεμιστοκλέης
526 3253 650 3330 ἄνδρας.
677 3239 839 3319 ὀῗπὲῑπψπ
