2024 3450
103 109 244 172 103-106]
416 109 601 159 ΠΟΛΤΜΝῙᾸ.
853 108 898 156 161

100 189 263 270 ἠνάγκασας
285 188 380 270 λέγειν
401 193 457 248 τῶν
478 188 570 269 λόγων
593 186 657 251 τούς
681 184 897 263 ἀληθεστάτους,

101 278 198 356 ἔλεγον
218 277 254 336 τά
275 277 429 351 κατήκοντα
451 276 653 354 Σπαρτιήτῃσι·
682 278 770 335 καίτοι
791 276 826 339 ὦς
847 275 900 357 ἐγὼ

79 409 81 415 ·
100 365 227 445 τυγχάνω
249 365 284 424 τά
303 369 351 424 νῦν
369 365 434 424 τάδε
453 363 592 444 ἐστοργολς
611 366 729 427 ἐκείνους
749 363 830 426 αύτός
847 363 899 440 μά-

100 457 187 512 λιστα
198 453 362 522 ἐξεπίστεαι,
372 454 401 511 οἵ
406 479 442 530 με
452 452 536 529 τιμήν
543 477 575 512 τε
584 453 629 510 καὶ
639 452 722 533 γέρεα
732 451 899 526 ἀπελόμενοι

100 541 225 617 πατρώϊα
235 541 337 601 ἄπολίν
347 567 378 601 τε
390 541 435 599 καὶ
446 540 559 620 φυγάδα
572 540 751 614 πεποιήκασι,
762 539 854 615 πατήρ
870 539 899 596 δὲ

101 629 151 691 σός
164 628 368 705 ύποδεξάμενος
377 631 444 704 βίον
451 629 483 688 τέ
490 655 539 706 μοι
547 630 593 686 καὶ
604 629 680 687 οἶκον
691 629 798 686 δέδωκε·
814 625 901 685 οὔκων

101 717 174 779 οἰκός
196 723 257 776 ἐστι
280 717 365 793 ἄνδρα
386 717 436 777 τόν
454 717 589 795 σώφρονα
608 717 714 793 εύνοίην
731 715 901 794 φαινομένην

101 804 272 874 διωθέεσθαι,
294 804 371 881 ἀλλά
390 805 518 887 στέργειν
535 805 669 882 μάλιστα
713 805 767 886 ἐγω
788 804 817 863 δὲ
838 802 900 862 ούτε

101 890 167 949 δέκα
188 891 306 969 ἀνδράσι
328 893 486 971 ὑπίσχομαι
511 892 567 956 οἶός
593 920 624 953 τε
652 894 721 954 εἶναι
747 891 899 972 μάχεσθαι,

102 978 164 1038 ούτε
178 981 279 1040 δυοῖσι·
301 980 367 1041 ἐκαίν
380 1008 411 1042 τε
425 982 493 1042 εἶναι
507 981 563 1041 οὔδ’
576 980 609 1042 ἀν
622 981 853 1061 μουνομαχέοιμι·
875 983 898 1039 εἰ

101 1067 129 1125 δὲ
153 1068 288 1150 ἀναγκαίη
316 1073 357 1146 εἴη
384 1069 402 1147 ἢ
429 1071 516 1153 μέγας
536 1097 578 1133 τις
599 1071 614 1131 ό
637 1072 791 1147 ἐποτρύνων
815 1069 898 1151 ἀγόν,

99 1159 241 1236 μαχοίμην
256 1159 289 1218 ἂν
302 1159 412 1220 πάντων
428 1159 531 1236 ήδιστα
546 1161 585 1219 ἐνὶ
597 1159 702 1220 τούτων
716 1165 770 1219 τῶν
784 1159 898 1234 ἀνδρῶν,

100 1245 126 1304 οἳ
139 1244 283 1322 Ἑλλήνων
301 1247 418 1310 ἕκαστός
435 1255 508 1324 φησι
527 1252 609 1324 τριῶν
626 1248 702 1316 ἄξιος
721 1248 799 1305 εἶναι·
822 1245 856 1307 ὣς
869 1245 899 1302 δὲ

100 1334 144 1392 καὶ
154 1335 376 1411 Λακεδαιμόνιοι,
388 1335 458 1394 κατά
470 1338 521 1412 μὲν
532 1337 579 1394 ἕνα
591 1336 761 1413 μαχεόμενοι
772 1332 899 1409 οὐδαμῶν

100 1425 155 1480 εἶσι
169 1424 291 1484 κακίονες
304 1422 417 1498 ἀνδρῶν,
432 1422 512 1483 ἁλέες
525 1422 554 1479 δὲ
569 1422 680 1497 ἄριστοι
694 1421 799 1496 ἀνδρῶν
813 1420 898 1479 ἀπάν-

99 1534 162 1566 των·
184 1509 323 1584 ἐλεύθεροι
341 1509 395 1588 γάρ
413 1509 503 1571 ἐόντες
517 1507 548 1566 ού
569 1509 659 1568 πάντα
678 1505 821 1584 ἐλεύθεροί
833 1512 897 1566 εἰσι·

100 1595 196 1653 ἐπεστι
209 1593 263 1675 γάρ
278 1602 333 1670 σφι
347 1595 484 1670 δεσπότης
498 1594 590 1670 νόμος,
604 1596 653 1656 τόν
671 1595 898 1670 ὑποδειμαίνουσι

100 1685 199 1758 πολλῷ
215 1683 253 1740 ἔτι
269 1686 382 1758 μᾶλλον
398 1681 416 1757 ἢ
436 1686 461 1740 οἱ
478 1683 525 1741 σοὶ
545 1683 588 1741 σέ·
610 1688 722 1743 ποιεῦσι
740 1686 797 1764 γῶν
814 1683 851 1742 τά
864 1682 898 1742 ἀν

100 1772 200 1830 ἐκεῖνος
211 1768 312 1849 ἀνάγῃ·
327 1768 427 1849 ἀνάγει
437 1771 466 1828 δὲ
478 1770 565 1830 τώυτό
580 1773 640 1842 αἰεὶ,
656 1771 705 1831 ούκ
720 1776 770 1831 ἐῶν
785 1772 898 1853 φεύγειν

99 1856 178 1916 οὐδὲν
200 1858 308 1931 πλῆθος
328 1856 478 1933 ἀνθρώπων
499 1864 528 1918 ἐκ
550 1860 651 1938 μάχης,
673 1859 750 1918 ἀλλά
765 1860 899 1936 μένοντας

100 1950 128 2005 ἐν
150 1949 186 2024 τῇ
208 1945 284 2014 τάξει
305 1946 474 2024 ἐπικρατέειν
495 1945 513 2022 ἢ
538 1947 729 2008 ἀπόλλυσθαι.
757 1949 805 2006 σοὶ
828 1949 857 2006 δὲ
875 1952 898 2006 εἷ

100 2033 235 2108 φαίνομαι
242 2039 330 2102 ταῦτα
340 2033 431 2114 λέγων
444 2034 603 2112 φλυηρέειν,
612 2034 706 2095 τᾶλλα
714 2039 798 2114 σιγᾶν
810 2035 898 2094 ἐθέλω

98 2121 130 2180 τό
144 2121 253 2192 λοιπόν,
267 2127 315 2183 νῦν
329 2123 359 2181 δὲ
373 2122 561 2204 ἀναγκασθεὶς
570 2123 661 2192 ἔλεξα·
678 2123 787 2204 γένοιτο
801 2122 897 2199 μέντοι

99 2207 168 2269 κατά
182 2209 246 2270 νόον
259 2238 310 2284 τοι,
325 2211 478 2287 βασιλεῦ.”
897 2245 901 2252 ·

137 2296 172 2356 ‘0
185 2301 236 2393 μὲν
250 2300 284 2375 δή
297 2305 385 2360 ταῦτα
398 2299 546 2378 ἀμείψατο·
567 2300 672 2377 Ξέρξης
685 2299 715 2359 δὲ
728 2303 755 2363 ἐς
768 2299 877 2381 γέλωτά
888 2302 945 2360 105

97 2410 127 2443 τε
147 2388 251 2464 ἔτρεψε,
269 2389 315 2447 καὶ
333 2388 382 2447 ούκ
399 2388 553 2463 ἐποιήσατο
570 2389 657 2468 ὀργήν
677 2387 815 2465 οὐδεμίαν,
832 2389 898 2447 ἀλλ’

97 2472 183 2546 η’πίως
198 2474 280 2534 αὐτόν
291 2476 487 2554 ἀπεπέμψατο.
513 2476 601 2555 τούτῳ
612 2477 641 2535 δὲ
655 2482 682 2540 ἐς
695 2476 798 2557 λόγους
809 2476 898 2537 ἐλθὼν

98 2561 210 2636 Ξέρξης,
233 2564 279 2620 καὶ
301 2562 426 2641 ὕπαρχον
448 2569 477 2623 ἐν
497 2569 535 2642 τῷ
557 2567 686 2644 Δορίσκῳ
707 2563 795 2644 τούτῳ
816 2591 897 2625 κατα-

98 2647 208 2724 στήσας
232 2650 395 2726 Μασκάμην
419 2651 468 2710 τόν
491 2651 689 2732 Μεγαδόστεω,
713 2653 763 2713 τόν
787 2652 816 2712 δὲ
842 2652 897 2712 ὑπό

97 2738 219 2813 Δαρείου
236 2739 376 2798 σταθέντα
394 2741 582 2809 καταπαύσας,
598 2741 731 2816 ἐξήλαυνε
748 2741 798 2801 τὸν
813 2767 896 2818 στρα-

96 2825 145 2885 τόν
159 2826 204 2885 διά
221 2829 272 2903 τῆς
286 2826 409 2904 Θρηίκης
426 2827 471 2885 ἐπὶ
487 2828 538 2903 τήν
556 2826 691 2887 Ἑλλάδα.
734 2830 877 2886 Κατέλιπε
887 2830 944 2887 106

97 2914 126 2971 δέ
147 2913 233 2993 ἀνδρα
252 2913 359 2975 τοιόνδε
385 2915 548 2991 Μασκάμην
571 2916 727 2996 γενόμενον,
749 2921 786 2992 τῷ
806 2917 897 2991 μούνω

98 3001 201 3077 Ξέρξης
212 3001 285 3079 δῶρα
296 3002 452 3079 πέμπεσκε,
465 3002 500 3067 ὥς
515 3002 819 3080 ἀριστεύοντιπίιυτωυ
826 2998 944 3090 δασύςχ

90 3088 251 3163 κατέστησε
269 3090 355 3156 αὐτός
371 3089 391 3170 ἢ
409 3098 534 3172 Δαρεῖος
551 3092 716 3169 ὑπάρχους·
739 3073 957 3167 π’ἱψῑῑῦδὶἳῗ

80 3172 135 3231 α’νά
149 3178 208 3235 πᾶν
222 3178 297 3244 ἐτος’
322 3181 360 3247 ὥς
375 3183 411 3244 δὲ
427 3186 480 3246 καὶ
491 3180 706 3262 ’λρταξέρξης
722 3164 881 3238 ὅῖἒθῖω
893 3163 987 3238 mm:

69 3263 307 3342 Maffxmssm
326 3272 507 3359 ἐκγόνοισι.
547 3269 760 3333 κατέστασαν
777 3242 915 3330 ’109ἶῇ
930 3247 993 3293 w
