2024 3450
124 109 173 158 ττο
428 105 614 153 ἨτοΔοτοτ
827 103 929 165 [vm.

124 187 190 248 ἀλλ’
203 185 236 246 οὗ
255 182 395 264 χρήματα,
416 182 479 244 οὔτε
498 182 635 263 ἠνέσχετο
655 181 828 274 σιγῶνήεἶτέ
846 208 879 244 τε
898 190 932 249 ,ἐς

124 274 231 336 πάντας
247 271 282 333 τ’
300 297 322 330 ε·
344 272 469 342 ((παπαὶ,
488 270 637 348 Μαρδόνιε,
657 270 746 334 κοίους
764 269 806 329 ἐπ’
825 270 934 348 ἄνδρας

124 361 228 442 ἤγαγες
248 360 462 439 μαχησομένους
477 358 573 435 ἡμέας,
590 358 617 418 οἳ
638 356 671 417 οῦ
692 358 757 434 περὶ
774 358 934 436 χρημάτων

125 448 174 509 τόν
197 447 291 529 ἀγῶνα
313 450 463 518 ποιεῦνται,
488 445 566 505 άλλά
588 446 652 523 περὶ
673 444 799 522 άρετῆς.”
840 447 936 529 τούτῳ

125 538 177 614 μὲν
190 535 224 612 δη
237 540 325 595 ταῦτα
340 535 441 613 εἴρητο.

79 627 117 686 27
166 624 215 684 Ἐν
228 625 258 683 δέ
270 628 309 703 τῷ
322 623 367 683 διά
381 624 473 699 μέσου
490 621 590 701 χρόνῳ,
608 621 670 681 ἐπεί
680 646 711 680 τε
726 620 759 681 τό
778 626 808 682 ἐν
822 628 937 701 Θερμο-

127 713 236 792 πύλῃσι
248 716 345 789 τρῶμα
360 711 492 792 ἐγεγόνεε,
507 708 606 768 αύτίκα
618 709 767 769 Θεσσαλοὶ
783 711 937 786 πέμπουσι

127 801 232 876 κήρυκα
245 805 272 862 ἐς
285 799 403 868 Φωκέας,
418 797 467 858 ἅτε
480 806 536 873 σφι
550 798 689 876 ἐνέχοντες
702 796 755 855 αἰεὶ
767 796 861 875 χόλον
873 798 936 860 άπό

128 892 160 951 δὲΙ
168 892 218 946 τοῦ
232 887 353 946 ῦστάτου
366 886 509 962 τρώματος
522 886 568 944 καὶ
585 885 618 945 τό
637 884 734 960 κάρτα·
755 884 936 960 ἐσβαλόντες

129 974 182 1055 γάρ
201 977 377 1051 πανστρατιῇ
397 972 478 1032 αῦτοί
495 998 526 1032 τε
543 976 570 1031 οἱ
585 973 732 1031 Θεσσαλοὶ
751 972 797 1031 καὶ
812 975 841 1031 οἶ
860 973 900 1032 σύ
924 1010 936 1020 -

127 1086 215 1139 μαχοι
240 1059 329 1119 αὐτῶν
357 1065 384 1123 ἐς
409 1059 473 1122 τοῦς
495 1060 613 1131 Φωκέας,
636 1059 668 1119 ού
694 1063 833 1118 πολλοῖσι
855 1062 937 1122 ἐτεσι

128 1147 264 1225 πρότερον
286 1146 387 1222 ταύτης
410 1150 460 1222 τῆς
482 1147 622 1223 βασιλέος
642 1145 864 1224 στρατηλασίης,
885 1153 936 1210 ἐσ-

128 1234 326 1313 σιύθησανῦπό
339 1239 394 1295 τῶν
403 1235 519 1294 Φωκέων
531 1235 577 1293 καὶ
590 1235 785 1312 περιέφθησαν
797 1238 936 1316 τρηχέως·

129 1324 191 1383 ἐπεί
211 1351 242 1384 τε
265 1323 320 1404 γάρ
346 1322 552 1399 κατειλήθησαν
577 1327 603 1386 ἐς
626 1322 675 1383 τόν
701 1322 879 1399 Παρνησσόν
907 1329 937 1385 οἶ

130 1414 236 1477 Φωκέες
249 1413 359 1493 ἔχοντες
371 1411 471 1489 μάντιν
480 1412 603 1486 Τελλίην
614 1410 664 1471 τάν
676 1409 799 1483 Ἠλεῖον,
812 1412 937 1473 ἐνθαῦτα

130 1499 278 1577 όΤελλίης
291 1498 371 1564 οὗτος
385 1500 532 1575 σοφίζεται
545 1498 655 1558 αὐτοῖσι
667 1497 782 1558 τοιόνδε·
796 1499 937 1579 γυψάσας

130 1585 230 1665 ἄνδρας
264 1589 426 1657 ἑξακοσίους
458 1590 514 1648 τῶν
547 1588 661 1646 Φωκέων
692 1587 757 1648 ποῦς
790 1585 935 1662 άρίστους,

130 1675 230 1739 αύτούς
242 1702 273 1736 τε
286 1675 400 1738 τούτους
414 1676 459 1734 καὶ
472 1674 508 1735 τά
522 1672 598 1734 ὅπλα
612 1672 709 1743 αὐτῶν,
723 1672 819 1736 νυκτός
833 1677 937 1753 ἐπεθή-

131 1788 198 1823 κατο
220 1767 296 1823 τοῖσι
320 1766 509 1822 Θεσσαλοῖσι·
539 1763 674 1840 προείπας
695 1761 814 1830 αῦτοῖσι,
832 1763 884 1823 τόν
899 1763 937 1825 ἂν

130 1849 170 1925 μὴ
184 1850 396 1920 λευκανθίζοντα
415 1849 525 1909 ἴδωνται
543 1854 642 1909 τοῦτον
656 1849 777 1909 κτείνειν.
818 1849 938 1916 τούτους

131 1935 168 1996 ὦν
189 1937 220 1996 αἶ
238 1963 269 1996 τε
291 1938 416 2013 φυλακαὶ
437 1941 491 1998 τῶν
512 1940 670 1997 Θεσσαλῶν
694 1940 801 2013 πρῶται
822 1936 938 1999 ἰδοῦσαι

131 2023 320 2101 ἐφοβήθησαν
336 2024 454 2095 δόξασαι
470 2023 545 2083 ἄλλο
563 2051 590 2084 τι
610 2024 679 2084 εἶναι
695 2024 783 2100 τέρας,
799 2024 844 2081 καὶ
860 2026 938 2100 μετά

131 2112 180 2177 τάς
197 2113 325 2190 φυλακάς
343 2113 412 2189 αὕτη
430 2112 449 2188 ἦ
468 2111 595 2190 στρατιὴ,
610 2110 680 2171 οὕτω
698 2111 770 2170 ὥστε
786 2137 936 2187 τετρακισ-

130 2201 229 2278 χιλίων
251 2205 388 2277 κρατῆσαι
406 2204 507 2276 νεκρῶν
524 2201 570 2259 καὶ
588 2197 712 2258 άσπιδων
733 2198 851 2260 Φωκέας·
878 2205 938 2263 τῶν

131 2286 180 2348 τάς
193 2290 245 2362 μὲν
258 2288 377 2364 ἡμισέας
396 2293 423 2350 ἐς
433 2287 529 2362 Ἀβας
547 2286 691 2356 ἀνέθεσαν,
705 2285 755 2348 τάς
771 2286 801 2344 δέ
819 2289 845 2348 ἐς
859 2292 937 2348 Δελ-
981 2336 985 2341 .

132 2371 213 2447 φούς·
233 2373 252 2448 ἦ
266 2374 295 2431 δὲ
313 2373 413 2449 δεκάτη
428 2376 536 2454 ἐγένετο
549 2377 603 2434 τῶν
616 2373 765 2452 χρημάτων
784 2377 814 2434 ἐκ
831 2373 939 2451 ταύτης

131 2463 181 2534 τῆς
193 2458 285 2538 μάχης
299 2463 325 2518 οἱ
337 2460 458 2539 μεγάλοι
471 2459 628 2537 ἀνδριάντες
641 2463 669 2520 οἱ
680 2461 744 2537 περὶ
756 2459 806 2520 τόν
815 2461 939 2536 τρίποδα

132 2550 324 2618 συνεστεῶτες,
346 2547 488 2626 ἔμπροσθε
509 2552 559 2608 τοῦ
578 2552 645 2623 νηοῦ
663 2551 713 2607 τοῦ
731 2552 760 2608 ἐν
778 2551 938 2622 Δελφοῖσι·

85 2636 123 2694 28
133 2633 179 2693 καὶ
206 2634 293 2710 ἐτεροι
318 2639 440 2696 τοιοῦτοι
461 2641 490 2696 ἐν
505 2636 617 2716 Ἀβῃσι
641 2634 798 2696 άνακέαται.
839 2640 939 2696 Ταῦτα

131 2722 183 2799 μέν
206 2747 255 2780 νυν
277 2721 326 2780 τόν
349 2723 434 2794 πεζόν
461 2723 616 2806 ἐργάσαντο
640 2728 695 2784 τῶν
722 2725 880 2783 Θεσσαλῶν
907 2729 938 2784 οἱ

133 2809 246 2878 Φωκέες,
268 2811 483 2886 πολιορκέοντας
504 2812 627 2875 ἑωυτούς·
649 2813 834 2888 ἐσβαλοῦσαν
855 2810 886 2868 δὲ
907 2816 937 2876 ἐς

132 2898 183 2973 τὴν
195 2896 288 2978 χώρην
300 2890 360 2972 την
369 2897 455 2958 ἵππον
468 2898 557 2958 αὐτῶν
575 2899 747 2977 ἐλυμήναντο
766 2898 936 2974 ἀνηκέστως·

134 2991 163 3048 ἐν
175 2986 229 3068 γάρ
242 2988 277 3064 τῇ
291 2987 404 3064 ἐσβολῇ
420 2983 439 3060 ἦ
458 2991 519 3046 ἐστι
539 2986 608 3046 κατὰ
623 2986 790 3065 Ὑάμπολιν,
805 2991 834 3046 ἐν
846 2985 937 3066 ταύτῃ

132 3074 242 3152 τάφρον
268 3073 396 3155 μεγάλην
423 3073 576 3152 ὀρύξαντες,
604 3072 748 3151 άμφορέας
775 3073 879 3151 κεινοῦς
907 3081 937 3139 ἐς

53 3092 90 3254 Ι
120 3160 212 3240 αθτήν
222 3164 394 3243 κατέθηκαν·
414 3166 486 3247 χοῦν
500 3162 531 3224 δέ
543 3162 769 3240 ἐπιφορήσαντες
781 3161 829 3218 καλ
839 3159 939 3232 ὅμοιά·

113 3267 216 3318 wrm
241 3259 284 3338 τῷ
307 3254 394 3342 ἄλλω
419 3254 516 3342 χαίρω,
541 3251 674 3317 ἐδέκοντο
696 3247 764 3310 τοῦς
783 3244 961 3303 Quom&
