2024 3450
137 96 182 142 144
444 92 625 142 'HPOAO'POT
858 95 932 159 [VIL

135 173 263 252 γνιύμησι
282 171 430 250 τοιαύτῃσι
451 172 556 233 ἄλλους
579 171 762 248 συμβούλους
783 174 859 250 εἶχον
880 202 932 234 τοι·

136 259 238 328 ούτους,
255 259 303 318 ούκ
317 258 352 319 άν
366 287 430 320 κοτε
444 260 512 322 εἶδες
526 257 595 319 αὐτοὶ
613 265 639 321 ἐς
652 264 734 319 τοῦτο
748 263 934 337 προελθόντα·

135 352 183 406 νῦν
197 349 226 406 δέ
240 348 378 411 κινδύνους
392 348 618 426 ἀναρριπτέοντες
633 352 659 409 ἐς
672 348 755 408 τοῦτό
772 355 848 423 σφεα
866 377 934 425 προ·

134 436 286 517 ηγάγοντο·
314 437 426 517 μεγάλα
450 436 504 517 γάρ
529 435 681 516 πρήγματα
703 436 854 517 μεγάλοισι
880 463 932 496 κιν-

135 524 241 584 δύνοισι
265 527 354 585 ἐθέλει
377 526 580 602 καταιρέεσθαι·
602 523 681 599 ἡμεῖς
702 525 801 598 τοίνυν,
826 525 932 600 ὁμοιεύ-

134 640 212 689 μενοι
234 615 356 682 κείνοισι,
372 613 443 690 ὤρην
457 641 487 672 τε
501 618 549 671 τοῦ
565 614 637 674 ἔτεος
659 614 815 688 καλλίστην
836 640 933 690 πορευ-

135 701 231 777 όμεθα,
255 703 300 760 καὶ
325 700 583 778 καταστρεψάμενοι
606 706 702 761 πᾶσαν
726 700 776 777 τὴν
797 700 934 776 Εὐρώπην

134 789 311 867 νοστήσομεν
331 790 429 857 ὀπίσω,
445 788 508 848 οὔτε
530 793 602 866 λιμῷ
624 789 782 868 ἐντυχόντες
800 788 933 864 ούδαμόθι

133 876 195 936 οὔτε
217 877 290 935 ἄλλο
316 876 400 954 ἅχαρι
423 876 558 938 παθόντες
583 876 671 935 ούδέν·
699 881 782 937 τοῦτο
806 881 857 954 μὲν
878 874 931 956 γάρ

132 963 209 1021 αὐτοὶ
224 963 335 1036 πολλήν
351 962 466 1038 φορβήν
482 963 631 1039 φερόμενοι
644 965 828 1040 πορευόμεθα·
850 969 931 1024 τοῦτο

131 1050 167 1118 δὲ,
182 1049 283 1129 τῷνάν
297 1075 346 1107 κου
366 1050 521 1125 ἐπιβέωμεν
534 1055 588 1129 γῆν
602 1051 647 1107 καὶ
662 1051 746 1121 ἔθνος,
761 1052 863 1111 τούτων
883 1052 931 1112 τόν

131 1141 211 1196 σῖτον
226 1138 332 1213 ἕξομεν·
355 1134 395 1194 ἐπ’
410 1135 547 1214 α’ροτῆρας
562 1137 650 1194 δὲκαὶ
665 1136 697 1195 ού
713 1139 832 1213 νομάδας
847 1168 929 1216 στρα-

82 1227 118 1283 51
132 1224 267 1302 τευόμεθα
289 1223 412 1303 άνδρας.”
453 1225 537 1305 Λέγει
550 1223 725 1301 Ἀρτάβανος
743 1225 813 1302 μετά
831 1233 929 1285 ταῦτα·

131 1314 179 1373 “ὦ
194 1317 327 1391 βασιλεῦ,
344 1314 406 1373 ἐπεί
424 1340 455 1373 τε
476 1312 619 1390 οἷρρωδέειν
638 1311 717 1372 ούδέν
737 1317 782 1392 ἐᾷς
802 1318 926 1393 πρῆγμα,

129 1402 166 1462 σύ
188 1403 219 1474 δέ
238 1429 289 1481 μευ
310 1402 490 1480 συμβουλίην
504 1401 616 1470 ἔνδεξαι·
637 1399 790 1483 α’ναγκαίως
803 1399 857 1482 γάρ
873 1403 928 1480 ἔχει

130 1493 193 1569 περὶ
220 1497 336 1552 πολλῶν
363 1490 531 1572 πρηγμάτων
554 1493 662 1550 πλεύνα
688 1488 776 1570 λόγον
803 1494 927 1550 ἐκτεῖναι,

129 1585 223 1656 Κῦρος
237 1579 253 1639 ό
265 1581 430 1657 Καμβύσεω
443 1578 549 1656 Ἰωνίην
561 1583 667 1649 πᾶσαν,
678 1577 754 1655 πλὴν
766 1578 927 1654 Ἀθηναίων,

130 1671 338 1746 κατεστρέψατο
363 1668 545 1745 δασμοφόρον
565 1668 634 1728 εἶναι
652 1668 794 1746 Πέρσησι·
815 1665 927 1731 τούτούς

130 1755 166 1814 ὧν
189 1754 254 1818 τούς
276 1756 377 1834 ἄνδρας
398 1755 585 1834 συμβουλεύω
608 1783 653 1816 τοι
674 1757 794 1835 μηδεμιῇ
815 1760 927 1834 μηχανῇ

128 1841 205 1920 ἄγειν
226 1843 272 1900 ἐπὶ
293 1842 357 1905 τούς
379 1844 507 1918 πατέρας·
530 1845 575 1901 καὶ
594 1844 649 1924 γὰρ
668 1842 732 1904 άνευ
753 1843 855 1902 τούτων
875 1843 927 1902 οἶοί

127 1954 157 1987 τε
178 1932 252 2006 εἰμὲν
272 1934 326 1988 τῶν
347 1933 452 2008 ἐχθρῶν
474 1931 670 2007 κατυπέρτεροι
684 1933 821 2010 γίνεσθαι·
843 1930 926 2010 ἢγάρ

128 2024 227 2093 σφεας,
241 2015 275 2094 ἢν
297 2018 420 2090 ἕπωνται,
438 2017 480 2074 δεῖ
494 2017 676 2079 ἀδικωτάτους
696 2018 823 2096 γίνεσθαι
845 2044 925 2075 κατα-

127 2106 326 2183 δουλουμένους
346 2104 398 2181 τήν
416 2102 597 2180 μητρόπολιν,
616 2101 634 2177 ἢ
656 2101 843 2162 δικαιοτάτους
862 2129 924 2160 συν-

127 2196 347 2270 ελευθεροῦντας.
386 2190 548 2250 άδικιύτατοι
560 2190 612 2264 μέν
626 2214 673 2247 νυν
685 2186 832 2266 γινόμενοι,
849 2188 924 2250 οὐδὲν

127 2281 221 2356 κέρδος
233 2283 307 2359 μέγα
319 2279 387 2355 η’μῖν
400 2276 634 2354 προσβάλλουσι·
656 2273 824 2333 δικαιότατοι
837 2276 866 2334 δὲ
884 2307 924 2358 γι·

126 2366 243 2442 νόμενοι,
260 2366 317 2424 οἶοί
327 2391 357 2424 τε
371 2362 552 2441 δηλήσασθαι
564 2361 693 2443 μεγάλως
706 2360 758 2438 τὴν
771 2364 826 2440 σήν
839 2392 921 2442 arpa«

124 2452 186 2528 τιῆν
203 2454 333 2533 γίνονται
377 2457 403 2516 ἐς
420 2449 507 2528 θυμόν
526 2450 562 2510 ὧν
581 2451 674 2526 βαλεῦ
695 2450 786 2512 καὶτὰ
799 2450 922 2513 παλαιόν

126 2542 190 2613 ἔπος
204 2539 239 2603 οἷς
253 2539 281 2598 εὖ
296 2540 409 2618 εἴρηται,
419 2538 452 2599 τό
465 2537 506 2615 μή
520 2538 578 2617 ἅμα
591 2538 665 2619 α’ρχῇ
679 2542 735 2600 πᾶν
748 2542 829 2605 τέλος
843 2570 922 2602 κατα-

75 2629 114 2686 52
127 2627 303 2703 φαίνεσθαι.”
343 2627 507 2706 Ἀμείβεται
520 2627 590 2705 πρός
602 2632 689 2689 ταῦτα
699 2630 814 2707 Ξέρξης·
836 2631 922 2708 “Ἀρ·

123 2716 238 2792 τάβανε,
265 2721 320 2778 τῶν
348 2717 495 2796 άπεφῄναο
524 2718 653 2798 γνωμέων
680 2717 827 2794 σφάλλεαι
854 2720 922 2778 κατάΙ

122 2803 226 2882 ταύτην
244 2804 277 2882 δη
296 2805 430 2882 μάλιστα,
448 2804 478 2868 θς
493 2803 591 2868 Ἴωνας
611 2806 719 2882 φοβέαι
738 2805 778 2882 μὴ
798 2807 922 2880 μεταβά-

122 2899 205 2954 λωσι·
226 2899 280 2956 τῶν
301 2895 401 2973 ἔχομεν
421 2899 518 2976 γνῶμα
533 2894 677 2974 μέγιστον,
690 2896 745 2953 τῶν
758 2891 795 2951 σύ
808 2918 839 2950 τε
851 2894 921 2969 μάρ-

114 3009 166 3047 τυς
187 2985 277 3066 γίνεαι
300 2984 346 3044 καὶ
369 2986 396 3042 οἱ
417 2979 693 3060 συστρατευσάμενοι
709 2978 817 3058 Δαρείῳ
838 2978 922 3039 ἄλλοι

98 3072 151 3129 ἐπὶ
162 3075 290 3152 Σκύθας,
309 3073 353 3138 ὅτι
369 3074 417 3137 ἐπὶ
430 3071 560 3136 τούτοισι
571 3068 590 3151 ἦ
603 3071 686 3130 πᾶσα
694 3067 825 3146 ἷὶεροικῆ
838 3094 921 3143 στοα-

80 3159 136 3232 Πθ
148 3166 280 3244 ε’γε’νετο,
295 3168 474 3250 διαφθεῖραι
488 3164 538 3229 καὶ
551 3162 748 3243 περιποιῆσαι·
772 3159 801 3214 οὶ
810 3154 939 3262 δεδιωγ-

65 3244 194 3326 Οσιίνηγ
216 3257 274 3320 καὶ
301 3261 486 3343 πιστότητα
510 3256 669 3325 ἐνέδωκαν,
691 3247 783 3329 ἄχαρι
807 3241 843 3299 RE
869 3237 956 3296 ὒὈλῊ.
