2024 3450
74 114 182 178 90-94J
393 111 548 166 οτικυιι.
824 117 872 166 ιιι

73 197 199 274 πορθμῷ,
219 194 287 277 ἔργα
307 194 475 264 ἀπεδέξαντο
496 194 585 277 λόγου
604 192 678 266 ἄξια·
699 196 726 255 οἱ
745 197 797 273 μὲν
816 197 872 278 γὰρ

73 281 217 358 Ἀθηναῖοι
235 287 264 343 ἐν
282 287 320 362 τῷ
340 282 453 362 θορύβῳ
472 282 611 360 ἔκερόῖζον
626 281 677 346 τός
693 309 724 344 τε
742 283 872 354 ἀντιστα-

73 371 158 446 μένας
171 369 217 429 καὶ
235 370 284 434 ταὶς
300 369 462 450 φευγούσας
476 373 531 435 τῶν
548 374 628 446 νηῶν,
644 373 671 429 οἰ
684 370 714 429 δὲ
727 375 874 452 Αἰγινῆται

74 458 123 521 τὰς
151 459 341 521 ε’κπλωούσας·
382 457 451 522 ὅκως
474 458 506 517 δέ
526 483 597 522 τινες
619 458 684 521 τοῦς
709 458 873 535 Ἀθηναίους

75 545 244 626 διαφύγοιεν,
259 545 410 624 φερόμενοι
427 547 578 606 ἐσέπιπτον
591 551 619 609 ἐς
634 545 699 609 ποῦς
715 545 872 628 Αἰγινήτας.

74 630 213 693 Ἐνθαῦτα
233 633 397 710 συνεκύρεον
417 637 480 711 νῆες
499 632 518 710 ἦ
537 660 568 695 τε
586 634 794 710 Θεμιστοκλέος
814 633 920 695 διαί-92

76 747 165 779 κουσα
191 723 245 795 νῆα
268 721 314 779 καὶ
337 720 356 798 ἡ
380 723 557 799 Πολυκρίτου
578 726 628 781 τοῦ
651 725 748 798 Κριοῦ,
774 721 873 798 ἀνδρός

75 805 236 888 Αἰγινήτεω,
257 808 302 883 νηῒ
322 811 492 886 ἐμβαλοῦσα
515 809 631 889 Σιδωνίῃ
651 809 722 887 ἥπερ
744 809 801 869 εἰλε
821 807 874 885 τήν

76 893 341 970 προφυλάσσουσαν
368 897 413 956 ἐπὶ
441 895 558 976 Σκιιίθιμ,
579 897 631 973 τὴν
656 899 809 978 Αἰγιναίην,
831 897 874 957 ἐπ’

76 979 109 1056 ἧς
123 984 204 1043 ἔπλεε
217 987 328 1061 Πυθέης
341 984 358 1045 ό
370 985 506 1065 Ἰσχένου,
519 985 569 1046 τόν
587 989 613 1046 οἶ
632 987 743 1064 Πέρσαι
757 1012 872 1048 κατακο·

75 1071 161 1130 πέντα
175 1072 273 1152 α’ρετῆς
286 1075 375 1133 εἵνεκα
392 1073 467 1153 εἶχον
484 1080 512 1134 ἐν
526 1079 562 1152 τῇ
581 1076 626 1150 νηί·
645 1075 873 1156 ἐκπαγλεόμενοι·

74 1159 123 1219 τόν
135 1159 170 1236 δὴ
186 1161 360 1244 περιάγουσα
378 1190 437 1240 αμα
455 1166 531 1222 τοῖσι
545 1162 677 1241 Πέρσῃσι
695 1162 755 1238 ἥλω
774 1167 839 1237 νηῦς
854 1160 874 1237 ἦ

75 1248 200 1326 Σιδωνίη,
228 1250 301 1311 ὥστε
322 1252 434 1325 Πυθέην
456 1250 527 1308 ούτω
548 1251 673 1324 σωθῆναι
695 1254 722 1312 ἐς
745 1250 872 1328 Αἴγιναν·

75 1334 111 1399 οἰς
132 1337 161 1395 δὲ
183 1338 272 1396 ἐσεῖδε
287 1337 340 1412 τήν
355 1341 408 1412 νῆα
428 1335 480 1410 τήν
502 1335 631 1410 Ἀττικὴν
652 1335 669 1394 ό
688 1334 871 1411 Πολύκριτος,

75 1423 144 1500 ἔγνω
162 1423 195 1483 τό
214 1422 338 1499 σημήϊον
356 1422 419 1482 ἰδὼν
436 1425 487 1497 τῆς
503 1421 697 1501 στρατηγίδος,
711 1421 757 1479 καὶ
774 1421 873 1498 βώσας

74 1507 124 1566 τόν
141 1511 337 1585 Θεμιστοκλέα
357 1508 571 1586 ἐπεκερτόμησε,
592 1513 620 1570 ἐς
634 1511 689 1569 τῶν
707 1508 874 1588 Αἰγινητέων

75 1593 125 1654 τόν
137 1595 280 1671 μηδισμόν
293 1595 438 1667 ὀνειδίζων·
454 1599 542 1655 ταῦτα
554 1595 607 1671 μέν
619 1620 667 1655 νυν
679 1595 724 1671 νηί
738 1597 872 1672 ἐμβαλών

76 1680 92 1740 ὁ
105 1683 281 1760 Πολύκριτος
293 1681 428 1761 ἀπέρριψε
446 1687 473 1746 ἐς
486 1685 690 1758 Θεμιστοκλέα·
712 1687 739 1743 οἱ
756 1682 785 1742 δὲ
798 1684 870 1761 βόρ-

75 1771 170 1847 βαροι,
181 1775 236 1831 τῶν
249 1774 278 1829 αἶ
291 1775 353 1845 νῆες
366 1770 564 1851 περιεγένοντο,
578 1771 726 1852 φεύγοντες
739 1769 873 1833 ἀπίκοντο

76 1862 103 1920 ἐς
116 1857 248 1936 Φάληρον
260 1857 315 1917 ῦπὸ
328 1858 378 1918 τόν
390 1857 474 1929 πεζόν
488 1857 619 1934 στρατόν.

115 1945 164 2006 Ἐν
191 1947 221 2006 δέ
246 1950 282 2025 τῇ
307 1948 446 2026 ναυμαχίη
472 1945 558 2024 ταύτῃ
581 1945 706 2022 ἤκουσαν
728 1948 921 2023 Ἑλλήνων93

76 2031 179 2110 ἄριστα
201 2035 357 2116 Αἰγινῆται·
399 2035 444 2094 ἐπὶ
467 2034 505 2104 δὲ,
525 2033 677 2110 Ἀθηναῖοι·
719 2034 824 2112 ἀνδρῶν
845 2035 875 2094 δὲ

76 2122 252 2200 Πολύκριτός
268 2149 298 2183 τε
314 2150 329 2182 ο
322 2121 505 2204 Αἰγινήτης,
526 2123 571 2180 καὶ
588 2121 731 2199 Ἀθηναῖοι
748 2122 874 2234 Εύμένης

75 2236 106 2269 τε
119 2210 134 2270 ό
148 2211 351 2292 Ἀναγυράσιος
368 2211 413 2269 καὶ
426 2210 566 2322 Ἀμεινίης
581 2210 796 2285 Παλληνεύς·
780 2237 810 2274 ος
827 2213 873 2270 καὶ

74 2296 254 2376 Ἀρτεμισίην
284 2298 418 2369 ἐπεδίωξε.
461 2302 485 2358 εἰ
510 2299 562 2405 μέγ
588 2324 636 2359 νυν
665 2297 791 2375 έμαθε”
776 2325 819 2359 οτι
846 2305 874 2359 ἐν

75 2386 161 2464 ταύτῃ
182 2388 304 2447 πλεοι
284 2414 302 2463 η
324 2387 496 2466 Ἀρτεμισίη,
521 2385 570 2447 οῦκ
591 2386 624 2447 ἂν
645 2387 787 2447 ἐπαύσατο
808 2387 874 2464 πρό-

75 2472 187 2548 τερονῆ
201 2475 261 2533 εἷλέ
271 2501 319 2550 μιν
334 2473 352 2550 ἢ
372 2477 417 2534 καὶ
435 2475 518 2538 αύτὸς
534 2475 604 2551 ἥλω·
624 2479 701 2536 τοῖσι
718 2476 773 2556 γοὶρ
791 2474 874 2551 Ἀθη-

77 2560 159 2620 ναίων
178 2562 373 2641 τριηράρχοισι
393 2564 645 2640 παρακεκέλευσπο·
679 2563 749 2641 πρός
769 2563 807 2633 δέ,
828 2564 874 2622 καὶ

76 2646 179 2708 ἄεθλον
196 2651 282 2708 ἐκειτο
297 2648 393 2725 μύριαι
409 2650 539 2728 δραχμαὶ,
551 2647 584 2712 1ὃς
604 2648 638 2709 ἅν
655 2676 704 2727 μιν
720 2650 791 2727 ζωὴν
812 2650 873 2729 ἕλη·

77 2736 165 2798 δεινόν
187 2737 242 2818 γάρ
268 2762 296 2798 τι
317 2740 465 2806 ἐποιεῦντο,
485 2740 602 2817 γυναῖκα
623 2740 669 2797 ἐπὶ
687 2737 737 2802 τὰς
754 2738 875 2813 Ἀθήνας

77 2825 287 2901 στρατεύεσθαι.
329 2822 399 2935 αῦτη
416 2827 468 2901 μὲν
491 2823 533 2899 δὴ,
553 2825 588 2888 ὦς
607 2825 742 2935 πρότερον
761 2827 873 2901 εἴρηται,

77 2911 238 2995 διέφυγεμ
220 2940 295 2990 ησαν
308 2912 396 2972 δε
351 2939 397 2971 και
411 2939 437 2971 οι
428 2910 598 2971 «amm
559 2939 614 2972 των
632 2916 661 2971 αἱ
674 2917 737 2987 νῆες
752 2937 873 2992 περιεγε·

76 3000 197 3079 γόνεσαν
210 3007 239 3062 ἐν
251 3029 289 3081 τῳ
276 3000 432 3080 Φαλήρῳ.
472 3000 652 3076 Ἀδείμαντον
666 3000 742 3059 δὲ
711 3025 760 3058 τον
773 3000 875 3072 Καρία·
882 3002 931 3057 (δίε

78 3088 138 3147 θιον
171 3089 330 3202 στρατηγόν
362 3091 482 3170 λέγουσι
507 3088 673 3165 Ἀθηναιοι,
698 3085 806 3143 αἰιτίκα
838 3079 893 3135 κατ’

72 3201 161 3251 αρχας
184 3175 222 3240 ἰύς
246 3180 424 3262 συνέμισγον
447 3182 479 3239 αἱ
498 3182 579 3254 νῆες,
602 3172 799 3252 ἐκπλαγέντω
817 3187 858 3220 ’ῐὶ
877 3179 935 3252 mm:

60 3261 329 3336 υπερδεισαντα,
291 3294 329 3328 πα
360 3270 447 3330 ἱστία
477 3266 663 3347 αειρόιμενον
694 3251 850 3337 ὓιχὶσδω·
880 3232 945 3311 (δώ
908 3256 959 3291 ‘⁰‘
