2024 3450
81 111 188 176 55459]
392 114 580 164 κικκῑοιιιι.
836 113 884 161 ιω
937 95 938 98 ’

80 218 136 260 νον,
147 195 182 269 τῇ
194 193 239 251 καὶ
249 191 399 270 Δήμητρος
407 192 582 268 Ἐλευσινίης
593 191 653 269 ἱρόν
663 189 759 268 ἧσται·
769 189 882 267 οἷνέμενε

80 277 110 337 δὲ
123 279 204 338 τοῦδε
217 281 315 350 εἵνεκα,
331 281 384 354 ἵνα,
398 279 433 356 ἢν
445 281 485 356 μη
500 280 625 358 ἀπολίπῃ
638 280 688 340 τὸν
698 283 789 357 χώραν
803 283 883 357 ἐντῷ

80 367 230 446 ἐτετάχατο
254 367 270 428 ό
293 367 510 445 Ἀμομφάρετός
536 392 566 427 τε
588 368 634 425 καὶ
658 366 673 426 ὁ
695 367 791 446 λόχος,
815 365 881 426 ἀλλ’

79 453 165 514 αὐτοῦ
177 457 291 532 μένωσι,
304 456 423 531 βοηθέοι
437 454 529 514 ὀπίσω
542 453 607 530 παρ’
624 455 751 516 ἐκείνους.
793 456 839 513 καὶ
853 455 884 514 οἶ

78 567 110 601 τε
127 541 203 620 ἀμφὶ
220 543 270 602 τόν
279 543 496 620 Ἀμομφάρετον
514 539 697 621 παρεγίνοντό
718 546 774 614 σφι
796 541 843 599 καὶ
861 541 881 616 η’

80 627 165 692 ἵππος
184 630 204 704 ἦ
224 634 280 689 τιῦν
299 630 456 707 βαρβάρων
477 629 644 706 προσέκειτο
661 629 752 686 πᾶσα·
777 629 804 685 οἱ
825 627 880 706 γάρ

80 716 197 776 ἱππόται
210 719 319 776 ἐποίευν
338 717 398 776 οἶον
415 717 460 775 καὶ
475 717 598 776 ἐώθεσαν
610 715 714 774 ποιέειν
727 713 790 773 αἰεί·
812 713 881 774 ἐδόν-

78 828 124 865 τες
137 803 167 862 δὲ
180 803 229 863 τόν
241 807 333 882 χῶρον
347 804 437 864 κεινὸν
450 808 479 864 ἐν
491 808 530 882 τῷ
543 801 693 881 ἐτετάχατο
706 803 733 860 οί
741 799 882 876 Ἕλληνες

78 893 147 968 τῇσι
167 893 321 969 προτέρῃσι
336 891 467 970 ἡμέρῃσι,
486 889 609 967 ἤλαυνον
626 890 691 954 τοῦς
710 891 810 955 ἵππους
827 889 881 949 αἰεὶ

79 977 111 1036 τό
125 978 231 1054 πρόσω·
253 980 299 1038 καὶ
309 979 367 1056 ἅμα
381 979 591 1056 καταλαβόντες
603 977 777 1056 προσεκέατό
790 982 857 1052 σφι.

119 1067 277 1144 Μαρδόνιος
292 1068 323 1127 δὲ
340 1067 376 1132 ώς
392 1066 508 1128 ἐπύθετο
525 1066 744 1144 τοῦςἝλληνας
763 1065 877 1147 άποιχο-
886 1069 925 1130 58

76 1154 175 1229 μένους
195 1155 250 1216 &aa
268 1157 359 1232 νύκτα,
384 1156 440 1216 εἶδέ
460 1183 491 1216 τε
511 1157 560 1218 τόν
583 1160 674 1235 χῶρον
699 1161 810 1233 ἐρῆμον,
832 1182 878 1215 κα-

77 1243 164 1306 λέσας
180 1245 229 1304 τόν
244 1248 422 1322 Ληρισσαῖον
437 1245 555 1320 Θώρηκα
572 1245 617 1303 καὶ
638 1243 704 1306 τοῦς
724 1242 879 1317 ἀδελφεούς

77 1330 160 1390 αύτοῦ
173 1331 339 1409 Εὐρύπυλον
352 1333 398 1416 καὶ
411 1331 595 1408 Θρασυδήῖον,
610 1333 697 1410 ἔλεγε·
722 1329 769 1386 “ιῦ
782 1329 878 1392 παῖδες

76 1415 203 1491 Ἀλεύεω,
221 1421 260 1478 ἐτι
276 1420 307 1477 τί
320 1419 424 1486 λέξετε,
440 1417 506 1476 τάδε
525 1417 651 1492 ὁρέοντες
674 1420 763 1492 ἐρῆμα
769 1441 776 1484 ;
801 1415 878 1491 ὑμεῖς

76 1503 131 1582 γάρ
145 1508 172 1562 οί
184 1503 378 1582 πλησιόχωροι
392 1504 501 1584 ἐλέγετε
514 1503 749 1578 Λακεδαιμονίους
765 1501 797 1561 ού
812 1503 877 1578 φεύ-

76 1615 136 1670 γειν
152 1595 182 1649 ἐκ
200 1590 300 1668 μάχης,
318 1590 396 1649 α’λλά
411 1590 512 1666 ἄνδρας
529 1589 598 1649 εἶναι
615 1588 650 1649 τά
667 1590 791 1666 πολέμια
804 1591 877 1667 πρώ-

75 1703 149 1740 τους·
169 1678 233 1741 τοῦς
245 1677 381 1755 πρότερόν
393 1704 423 1738 τε
436 1679 656 1754 μετισταμένους
672 1682 702 1736 ἐκ
715 1682 766 1753 τῆς
783 1677 877 1746 τάξιος

77 1764 169 1835 εἴδετε,
187 1768 236 1825 νῦν
251 1791 281 1824 τε
301 1765 355 1824 ύπὸ
376 1764 428 1841 την
448 1766 655 1844 παροιχομένην
678 1764 762 1826 νύκτα
783 1765 830 1824 καὶ
850 1768 877 1825 οἳ

76 1852 176 1915 πάντες
191 1853 305 1929 ὁρέομεν
320 1852 491 1929 διαδράντας·
513 1852 634 1922 διέδεξάν
651 1880 690 1924 τε,
709 1855 771 1913 ἐπεί
784 1860 877 1929 σφεας
915 1898 917 1902 ⁴

76 1941 133 2000 ἐδεε
149 1941 220 2018 πρός
238 1941 303 2004 τοῦς
322 1939 460 2018 α’ψευδέως
479 1940 610 2017 α’ρίστους
629 1940 780 2017 ἀνθρώπων
797 1941 876 2019 μάχη

76 2027 257 2105 διακριθῆναι,
281 2028 325 2088 ὅτι
352 2026 458 2090 οὐδένες
484 2026 539 2105 ἄρα
565 2028 655 2090 ἐόντες
676 2034 705 2087 ἐν
728 2028 876 2104 οὐδαμοῖσι

76 2120 155 2175 ἐοῦσι
169 2115 297 2192 Ἕλλησι
314 2114 550 2175 ἐναπεδεικνύατο·
576 2115 621 2173 καὶ
641 2114 707 2192 ύμῖν
726 2117 778 2191 μὲν
797 2119 877 2174 ἐοῦσι

76 2205 209 2280 Περσέων
226 2203 368 2280 α’πείροισι
384 2202 481 2280 πολλῆ
499 2205 528 2262 ἐκ
547 2229 579 2284 γε
598 2208 663 2281 ἐμεῦ
683 2206 788 2285 ἐγίνετο
807 2230 874 2285 συγ-

73 2291 178 2370 γνώμη,
196 2291 375 2353 ἐπαινεόντων
390 2291 505 2356 τούτους
519 2293 599 2352 τοῖσί
609 2319 637 2352 τι
651 2294 697 2353 καὶ
713 2293 874 2372 συνῃδέατε·

73 2377 251 2457 Ἀρταβάζου
271 2382 301 2440 δέ
322 2383 402 2459 θιῦμα
421 2383 466 2440 καὶ
482 2385 597 2459 μᾶλλον
610 2381 767 2458 ἐποιεύμην,
781 2381 813 2441 τό
829 2381 875 2440 καὶ

74 2469 286 2543 καταρρωδῆσαι
304 2469 546 2545 Λακεδαιμονίους,
569 2468 821 2546 καταρρωδήσαντά
843 2494 874 2528 τε

74 2552 265 2622 ἀποδέξασθαι
280 2555 392 2634 γνώμην
409 2555 579 2631 δειλοτάτην,
596 2556 631 2618 ώς
646 2557 729 2634 χρεόν
748 2557 791 2633 εἴη
809 2555 873 2616 άνα-

74 2640 219 2710 ζεύξαντας
231 2641 264 2700 τῦ
279 2641 469 2718 στρατόπεδον
483 2643 551 2701 ἰέναι
565 2648 593 2705 ε’ς
605 2644 638 2702 τῦ
654 2645 787 2719 Θηβαίων
800 2643 873 2704 ἄστυ

73 2728 357 2805 πολιορκησομένους·
375 2728 427 2802 τήν
441 2729 480 2789 ἐτι
492 2729 564 2805 πρὸς
576 2734 641 2806 ἐμεῦ
654 2731 793 2807 βασιλεύς
808 2725 873 2789 πεύ-

73 2840 164 2876 σεται.
206 2816 252 2875 καὶ
264 2814 368 2876 τούτων
378 2818 430 2891 μὲν
444 2816 554 2892 ἑτέρωθι
568 2818 647 2876 ἔσται
660 2818 755 2900 λόγος·
776 2822 825 2878 νῦν
843 2820 873 2876 δὲ

74 2905 203 2964 ἐκείνοισι
219 2907 308 2965 ταῦτα
324 2907 435 2962 ποιεῦσι
453 2900 502 2961 ούκ
521 2904 685 2980 ἐπιτρεπτέα
703 2905 773 2963 ἐστί·
794 2902 872 2962 α’λλά

73 2990 196 3051 διωκτέοι
210 2992 266 3051 εἶσὶ
279 2995 307 3054 ἐς
316 2989 332 3050 θ
342 2991 589 3066 καταλαμφθέντες
602 2988 727 3048 δώσουσι
737 2990 805 3067 ἡμῖν
817 2994 871 3049 τιῦν

74 3076 108 3150 δή
127 3080 263 3154 ἐποίησαν
281 3078 397 3155 Πέρσας
414 3077 524 3137 πάντων
539 3077 640 3140 δίκας.”
680 3080 779 3135 Ταῦτα
794 3077 925 3136 lxm&

72 3161 125 3242 ἦγε
143 3165 207 3228 τοῦς
226 3167 344 3243 Πέρσας
364 3165 471 3247 δρόμῳ,
492 3165 655 3242 διαβάντας
677 3162 729 3221 τὶιν
743 3160 754 3179 ’
765 3157 913 3216 mm,

59 3251 135 3310 κατά
147 3250 256 3328 στίβον
268 3259 329 3319 τῶν
346 3255 505 3334 Ἑλλήνων
522 3253 614 3330 ώςδή
634 3237 935 3321 ῦποῖαἳιρησκίςυωῖ·
